<?xml version="1.0" encoding="UTF-8"?>
<!DOCTYPE html PUBLIC "-//W3C//DTD XHTML 1.0 Transitional//EN"
    "http://www.w3.org/TR/xhtml1/DTD/xhtml1-transitional.dtd">
<html xmlns="http://www.w3.org/1999/xhtml" xml:lang="en" lang="en">
 <head>
  <title>
</title>
<meta http-equiv="Content-Type" content="text/html;charset=utf-8" />
  <meta name='ocr-system' content='tesseract 3.04.00' />
  <meta name='ocr-capabilities' content='ocr_page ocr_carea ocr_par ocr_line ocrx_word'/>
</head>
<body>
  <div class='ocr_page' id='page_1' title='image "./fragmenta00hesigoog_0043.png"; bbox 0 0 2802 4734; ppageno 0'>
   <div class='ocr_carea' id='block_1_1' title="bbox 117 372 975 480">
    <p class='ocr_par' dir='ltr' id='par_1_1' title="bbox 117 372 975 480">
     <span class='ocr_line' id='line_1_1' title="bbox 117 372 975 480; baseline -0.012 -32"><span class='ocrx_word' id='word_1_1' title='bbox 117 395 121 404; x_wconf 89' lang='lat'>&#39;</span> <span class='ocrx_word' id='word_1_2' title='bbox 148 469 154 480; x_wconf 35' lang='grc' dir='ltr'><strong><em>Ι</em></strong></span> <span class='ocrx_word' id='word_1_3' title='bbox 237 392 258 447; x_wconf 82' lang='grc'>4</span> <span class='ocrx_word' id='word_1_4' title='bbox 548 372 604 440; x_wconf 86' lang='lat' dir='ltr'><strong>lle</strong></span> <span class='ocrx_word' id='word_1_5' title='bbox 624 380 725 478; x_wconf 78' lang='lat' dir='ltr'><strong>poesi</strong></span> <span class='ocrx_word' id='word_1_6' title='bbox 741 377 975 461; x_wconf 72' lang='lat' dir='ltr'><strong>genealogica.</strong></span> 
     </span>
    </p>
   </div>
   <div class='ocr_carea' id='block_1_2' title="bbox 64 502 1287 624">
    <p class='ocr_par' dir='ltr' id='par_1_2' title="bbox 64 502 1287 624">
     <span class='ocr_line' id='line_1_2' title="bbox 64 502 1287 624; baseline -0.011 -2"><span class='ocrx_word' id='word_1_7' title='bbox 64 565 67 574; x_wconf 82' lang='grc'><em>’</em></span> <span class='ocrx_word' id='word_1_8' title='bbox 125 534 131 542; x_wconf 47' lang='grc'><strong>’</strong></span> <span class='ocrx_word' id='word_1_9' title='bbox 238 551 338 618; x_wconf 85' lang='lat' dir='ltr'><strong>redeo</strong></span> <span class='ocrx_word' id='word_1_10' title='bbox 360 541 645 616; x_wconf 70' lang='lat' dir='ltr'><strong>considerandarnr</strong></span> <span class='ocrx_word' id='word_1_11' title='bbox 679 515 949 624; x_wconf 65' lang='lat' dir='ltr'><strong>ruinsrcliqnine</strong></span> <span class='ocrx_word' id='word_1_12' title='bbox 970 547 1001 608; x_wconf 80' lang='lat' dir='ltr'><strong>ri</strong></span> <span class='ocrx_word' id='word_1_13' title='bbox 1021 541 1077 609; x_wconf 86' lang='lat' dir='ltr'><strong>nel</strong></span> <span class='ocrx_word' id='word_1_14' title='bbox 1095 502 1287 608; x_wconf 78' lang='lat' dir='ltr'><strong>leuiter-in·</strong></span> 
     </span>
    </p>
   </div>
   <div class='ocr_carea' id='block_1_3' title="bbox 241 634 1289 732">
    <p class='ocr_par' dir='ltr' id='par_1_3' title="bbox 241 634 1289 732">
     <span class='ocr_line' id='line_1_3' title="bbox 241 634 1289 732; baseline -0.009 -15"><span class='ocrx_word' id='word_1_15' title='bbox 241 665 370 732; x_wconf 83' lang='lat' dir='ltr'><strong>tuempr</strong></span> <span class='ocrx_word' id='word_1_16' title='bbox 391 655 426 712; x_wconf 88' lang='lat' dir='ltr'><strong>et</strong></span> <span class='ocrx_word' id='word_1_17' title='bbox 438 649 525 710; x_wconf 87' lang='lat' dir='ltr'><strong>inter</strong></span> <span class='ocrx_word' id='word_1_18' title='bbox 539 665 574 707; x_wconf 88' lang='lat' dir='ltr'><strong>sc</strong></span> <span class='ocrx_word' id='word_1_19' title='bbox 589 663 833 724; x_wconf 74' lang='lat' dir='ltr'><strong>comparamus,</strong></span> <span class='ocrx_word' id='word_1_20' title='bbox 861 643 959 709; x_wconf 80' lang='lat' dir='ltr'><strong>facile</strong></span> <span class='ocrx_word' id='word_1_21' title='bbox 981 643 1023 710; x_wconf 88' lang='lat' dir='ltr'><strong>ad</strong></span> <span class='ocrx_word' id='word_1_22' title='bbox 1039 634 1175 708; x_wconf 85' lang='lat' dir='ltr'><strong>duorum</strong></span> <span class='ocrx_word' id='word_1_23' title='bbox 1189 665 1289 728; x_wconf 91' lang='lat' dir='ltr'><strong>gene·</strong></span> 
     </span>
    </p>
   </div>
   <div class='ocr_carea' id='block_1_4' title="bbox 121 729 1291 827">
    <p class='ocr_par' dir='ltr' id='par_1_4' title="bbox 121 729 1291 827">
     <span class='ocr_line' id='line_1_4' title="bbox 121 729 1291 827; baseline -0.015 -6"><span class='ocrx_word' id='word_1_24' title='bbox 121 729 135 750; x_wconf 25' lang='grc' dir='ltr'>ἰ</span> <span class='ocrx_word' id='word_1_25' title='bbox 241 776 314 820; x_wconf 89' lang='lat' dir='ltr'><strong>rum</strong></span> <span class='ocrx_word' id='word_1_26' title='bbox 327 747 569 816; x_wconf 82' lang='lat' dir='ltr'><strong>distinctionem</strong></span> <span class='ocrx_word' id='word_1_27' title='bbox 586 741 829 826; x_wconf 76' lang='lat' dir='ltr'><strong>compellimur,</strong></span> <span class='ocrx_word' id='word_1_28' title='bbox 852 766 933 827; x_wconf 85' lang='lat' dir='ltr'><strong>quae</strong></span> <span class='ocrx_word' id='word_1_29' title='bbox 947 750 995 810; x_wconf 87' lang='lat' dir='ltr'><strong>ita</strong></span> <span class='ocrx_word' id='word_1_30' title='bbox 1009 746 1142 810; x_wconf 89' lang='lat' dir='ltr'><strong>omnino</strong></span> <span class='ocrx_word' id='word_1_31' title='bbox 1159 744 1291 812; x_wconf 76' lang='lat' dir='ltr'><strong>dinem</strong></span> 
     </span>
    </p>
   </div>
   <div class='ocr_carea' id='block_1_5' title="bbox 210 847 1336 1539">
    <p class='ocr_par' dir='ltr' id='par_1_5' title="bbox 210 847 1336 1539">
     <span class='ocr_line' id='line_1_5' title="bbox 243 847 1292 940; baseline -0.01 -19"><span class='ocrx_word' id='word_1_32' title='bbox 243 862 337 934; x_wconf 84' lang='lat' dir='ltr'><strong>sunt,</strong></span> <span class='ocrx_word' id='word_1_33' title='bbox 367 859 492 917; x_wconf 90' lang='lat' dir='ltr'><strong>utnon</strong></span> <span class='ocrx_word' id='word_1_34' title='bbox 521 849 586 912; x_wconf 89' lang='lat' dir='ltr'><strong>nisi</strong></span> <span class='ocrx_word' id='word_1_35' title='bbox 614 866 821 940; x_wconf 83' lang='lat' dir='ltr'><strong>numerorum</strong></span> <span class='ocrx_word' id='word_1_36' title='bbox 844 848 1055 931; x_wconf 72' lang='lat' dir='ltr'><strong>congruentia</strong></span> <span class='ocrx_word' id='word_1_37' title='bbox 1076 852 1110 911; x_wconf 85' lang='lat' dir='ltr'><strong>st</strong></span> <span class='ocrx_word' id='word_1_38' title='bbox 1131 847 1292 910; x_wconf 78' lang='lat' dir='ltr'><strong>orationis</strong></span> 
     </span>
     <span class='ocr_line' id='line_1_6' title="bbox 243 937 1336 1030; baseline -0.008 -8"><span class='ocrx_word' id='word_1_39' title='bbox 243 952 457 1022; x_wconf 81' lang='lat' dir='ltr'><strong>sirnilitudine</strong></span> <span class='ocrx_word' id='word_1_40' title='bbox 486 947 528 1012; x_wconf 86' lang='lat' dir='ltr'><strong>ad</strong></span> <span class='ocrx_word' id='word_1_41' title='bbox 556 951 642 1030; x_wconf 83' lang='lat' dir='ltr'>epici</span> <span class='ocrx_word' id='word_1_42' title='bbox 670 949 811 1012; x_wconf 89' lang='lat' dir='ltr'><strong>nominis</strong></span> <span class='ocrx_word' id='word_1_43' title='bbox 833 950 1097 1012; x_wconf 76' lang='lat' dir='ltr'><strong>communitatem</strong></span> <span class='ocrx_word' id='word_1_44' title='bbox 1119 937 1295 1013; x_wconf 80' lang='lat' dir='ltr'><strong>coniuncta</strong></span> <span class='ocrx_word' id='word_1_45' title='bbox 1332 1013 1336 1019; x_wconf 81' lang='grc'><em>,</em></span> 
     </span>
     <span class='ocr_line' id='line_1_7' title="bbox 244 1046 1298 1133; baseline -0.007 -12"><span class='ocrx_word' id='word_1_46' title='bbox 244 1078 317 1122; x_wconf 84' lang='lat' dir='ltr'><strong>esse</strong></span> <span class='ocrx_word' id='word_1_47' title='bbox 336 1053 520 1120; x_wconf 87' lang='lat' dir='ltr'><strong>uideantur.</strong></span> <span class='ocrx_word' id='word_1_48' title='bbox 563 1047 720 1127; x_wconf 78' lang='lat' dir='ltr'><strong>Accedit,</strong></span> <span class='ocrx_word' id='word_1_49' title='bbox 749 1048 835 1130; x_wconf 85' lang='lat' dir='ltr'><strong>quod</strong></span> <span class='ocrx_word' id='word_1_50' title='bbox 849 1046 929 1114; x_wconf 89' lang='lat' dir='ltr'><strong>haec</strong></span> <span class='ocrx_word' id='word_1_51' title='bbox 942 1070 1063 1133; x_wconf 89' lang='lat' dir='ltr'><strong>genera</strong></span> <span class='ocrx_word' id='word_1_52' title='bbox 1070 1094 1083 1129; x_wconf 95' lang='lat'><strong>,</strong></span> <span class='ocrx_word' id='word_1_53' title='bbox 1103 1047 1183 1114; x_wconf 86' lang='lat' dir='ltr'><strong>licet</strong></span> <span class='ocrx_word' id='word_1_54' title='bbox 1196 1047 1298 1114; x_wconf 80' lang='lat' dir='ltr'><strong>multi</strong></span> 
     </span>
     <span class='ocr_line' id='line_1_8' title="bbox 243 1148 1294 1233; baseline -0.008 -11"><span class='ocrx_word' id='word_1_55' title='bbox 243 1155 332 1222; x_wconf 87' lang='lat' dir='ltr'><strong>haud</strong></span> <span class='ocrx_word' id='word_1_56' title='bbox 347 1154 443 1218; x_wconf 91' lang='lat' dir='ltr'><strong>dubie</strong></span> <span class='ocrx_word' id='word_1_57' title='bbox 456 1157 573 1233; x_wconf 88' lang='lat' dir='ltr'><strong>poetae</strong></span> <span class='ocrx_word' id='word_1_58' title='bbox 588 1149 721 1228; x_wconf 80' lang='lat' dir='ltr'><strong>tuerint,</strong></span> <span class='ocrx_word' id='word_1_59' title='bbox 737 1148 778 1212; x_wconf 87' lang='lat' dir='ltr'><strong>ad</strong></span> <span class='ocrx_word' id='word_1_60' title='bbox 792 1149 929 1216; x_wconf 84' lang='lat' dir='ltr'><strong>duorum</strong></span> <span class='ocrx_word' id='word_1_61' title='bbox 942 1151 1147 1232; x_wconf 78' lang='lat' dir='ltr'><strong>potissimum</strong></span> <span class='ocrx_word' id='word_1_62' title='bbox 1159 1152 1294 1214; x_wconf 81' lang='lat' dir='ltr'><strong>nomina</strong></span> 
     </span>
     <span class='ocr_line' id='line_1_9' title="bbox 210 1249 1293 1338; baseline -0.008 -15"><span class='ocrx_word' id='word_1_63' title='bbox 210 1249 212 1254; x_wconf 37' lang='lat'><strong>¹</strong></span> <span class='ocrx_word' id='word_1_64' title='bbox 244 1249 414 1322; x_wconf 76' lang='lat' dir='ltr'><strong>unitorum</strong></span> <span class='ocrx_word' id='word_1_65' title='bbox 429 1253 636 1329; x_wconf 78' lang='lat' dir='ltr'><strong>referuntur,</strong></span> <span class='ocrx_word' id='word_1_66' title='bbox 666 1271 801 1330; x_wconf 75' lang='grc' dir='ltr'>ψιοιιιι</span> <span class='ocrx_word' id='word_1_67' title='bbox 819 1249 925 1338; x_wconf 87' lang='lat' dir='ltr'><strong>gloria</strong></span> <span class='ocrx_word' id='word_1_68' title='bbox 947 1259 981 1318; x_wconf 85' lang='lat' dir='ltr'><strong>et</strong></span> <span class='ocrx_word' id='word_1_69' title='bbox 1002 1249 1135 1323; x_wconf 75' lang='lat' dir='ltr'><strong>claritas</strong></span> <span class='ocrx_word' id='word_1_70' title='bbox 1147 1249 1293 1332; x_wconf 84' lang='lat' dir='ltr'><strong>reliquo·</strong></span> 
     </span>
     <span class='ocr_line' id='line_1_10' title="bbox 243 1354 1333 1439; baseline -0.005 -18"><span class='ocrx_word' id='word_1_71' title='bbox 243 1362 316 1427; x_wconf 84' lang='lat' dir='ltr'><strong>ruiu</strong></span> <span class='ocrx_word' id='word_1_72' title='bbox 330 1355 428 1420; x_wconf 86' lang='lat' dir='ltr'><strong>huius</strong></span> <span class='ocrx_word' id='word_1_73' title='bbox 440 1354 568 1439; x_wconf 84' lang='lat' dir='ltr'><strong>generis</strong></span> <span class='ocrx_word' id='word_1_74' title='bbox 582 1359 750 1432; x_wconf 82' lang='lat' dir='ltr'><strong>poetarum</strong></span> <span class='ocrx_word' id='word_1_75' title='bbox 765 1355 896 1430; x_wconf 81' lang='lat' dir='ltr'><strong>nourina</strong></span> <span class='ocrx_word' id='word_1_76' title='bbox 911 1361 1003 1417; x_wconf 84' lang='lat' dir='ltr'><strong>tanto</strong></span> <span class='ocrx_word' id='word_1_77' title='bbox 1019 1355 1142 1433; x_wconf 90' lang='lat' dir='ltr'><strong>uincit,</strong></span> <span class='ocrx_word' id='word_1_78' title='bbox 1171 1361 1294 1434; x_wconf 87' lang='lat' dir='ltr'><strong>quanto</strong></span> <span class='ocrx_word' id='word_1_79' title='bbox 1329 1389 1333 1394; x_wconf 91' lang='lat'><em>·</em></span> 
     </span>
     <span class='ocr_line' id='line_1_11' title="bbox 215 1438 1304 1539; baseline -0.009 -13"><span class='ocrx_word' id='word_1_80' title='bbox 215 1459 218 1464; x_wconf 69' lang='grc'><em>’</em></span> <span class='ocrx_word' id='word_1_81' title='bbox 245 1460 326 1526; x_wconf 87' lang='lat' dir='ltr'><strong>solis</strong></span> <span class='ocrx_word' id='word_1_82' title='bbox 354 1456 549 1539; x_wconf 78' lang='lat' dir='ltr'><strong>splendor</strong></span> <span class='ocrx_word' id='word_1_83' title='bbox 533 1461 569 1518; x_wconf 91' lang='lat' dir='ltr'><strong>et</strong></span> <span class='ocrx_word' id='word_1_84' title='bbox 595 1453 703 1520; x_wconf 83' lang='lat' dir='ltr'><strong>lunae</strong></span> <span class='ocrx_word' id='word_1_85' title='bbox 714 1455 802 1516; x_wconf 88' lang='lat' dir='ltr'><strong>nitor</strong></span> <span class='ocrx_word' id='word_1_86' title='bbox 821 1438 982 1518; x_wconf 83' lang='lat' dir='ltr'><strong>midorum</strong></span> <span class='ocrx_word' id='word_1_87' title='bbox 1004 1455 1148 1520; x_wconf 87' lang='lat' dir='ltr'><strong>siderum</strong></span> <span class='ocrx_word' id='word_1_88' title='bbox 1168 1452 1304 1518; x_wconf 73' lang='lat' dir='ltr'><strong>lumina*</strong></span> 
     </span>
    </p>
   </div>
   <div class='ocr_carea' id='block_1_6' title="bbox 111 1546 1294 1654">
    <p class='ocr_par' dir='ltr' id='par_1_6' title="bbox 111 1546 1294 1654">
     <span class='ocr_line' id='line_1_12' title="bbox 111 1546 1294 1654; baseline -0.008 -25"><span class='ocrx_word' id='word_1_89' title='bbox 111 1568 116 1578; x_wconf 75' lang='grc'><em>“</em></span> <span class='ocrx_word' id='word_1_90' title='bbox 245 1555 622 1644; x_wconf 69' lang='lat' dir='ltr'><strong>superationem</strong></span> <span class='ocrx_word' id='word_1_91' title='bbox 656 1553 746 1632; x_wconf 90' lang='lat' dir='ltr'><strong>dico</strong></span> <span class='ocrx_word' id='word_1_92' title='bbox 757 1562 792 1619; x_wconf 92' lang='lat' dir='ltr'><strong>et</strong></span> <span class='ocrx_word' id='word_1_93' title='bbox 817 1546 1043 1654; x_wconf 72' lang='lat' dir='ltr'><strong>Hesiodum,</strong></span> <span class='ocrx_word' id='word_1_94' title='bbox 1055 1579 1135 1645; x_wconf 72' lang='lat' dir='ltr'><strong>goos</strong></span> <span class='ocrx_word' id='word_1_95' title='bbox 1164 1558 1294 1638; x_wconf 78' lang='lat' dir='ltr'><strong>quantis</strong></span> 
     </span>
    </p>
   </div>
   <div class='ocr_carea' id='block_1_7' title="bbox 199 1635 1329 2155">
    <p class='ocr_par' dir='ltr' id='par_1_7' title="bbox 199 1635 1329 2155">
     <span class='ocr_line' id='line_1_13' title="bbox 242 1635 1293 1738; baseline -0.01 -7"><span class='ocrx_word' id='word_1_96' title='bbox 242 1663 398 1732; x_wconf 84' lang='lat' dir='ltr'><strong>laudibus</strong></span> <span class='ocrx_word' id='word_1_97' title='bbox 414 1659 516 1726; x_wconf 82' lang='lat' dir='ltr'><strong>totius</strong></span> <span class='ocrx_word' id='word_1_98' title='bbox 537 1657 607 1722; x_wconf 84' lang='lat' dir='ltr'><strong>iere</strong></span> <span class='ocrx_word' id='word_1_99' title='bbox 630 1659 834 1738; x_wconf 67' lang='lat' dir='ltr'><strong>antiqunatis</strong></span> <span class='ocrx_word' id='word_1_100' title='bbox 861 1635 1072 1728; x_wconf 79' lang='lat' dir='ltr'><strong>consentiens,</strong></span> <span class='ocrx_word' id='word_1_101' title='bbox 1089 1659 1293 1722; x_wconf 74' lang='lat' dir='ltr'><strong>existimatio</strong></span> 
     </span>
     <span class='ocr_line' id='line_1_14' title="bbox 246 1753 1292 1844; baseline -0.01 -14"><span class='ocrx_word' id='word_1_102' title='bbox 246 1764 479 1842; x_wconf 84' lang='lat' dir='ltr'><strong>celebrauerit,</strong></span> <span class='ocrx_word' id='word_1_103' title='bbox 506 1761 615 1822; x_wconf 89' lang='lat' dir='ltr'><strong>sciunt</strong></span> <span class='ocrx_word' id='word_1_104' title='bbox 634 1756 690 1822; x_wconf 88' lang='lat' dir='ltr'><strong>uel</strong></span> <span class='ocrx_word' id='word_1_105' title='bbox 704 1758 912 1824; x_wconf 80' lang='lat' dir='ltr'><strong>mediocriter</strong></span> <span class='ocrx_word' id='word_1_106' title='bbox 930 1753 1045 1824; x_wconf 88' lang='lat' dir='ltr'><strong>harum</strong></span> <span class='ocrx_word' id='word_1_107' title='bbox 1058 1779 1167 1844; x_wconf 82' lang='lat' dir='ltr'><strong>rernm</strong></span> <span class='ocrx_word' id='word_1_108' title='bbox 1182 1760 1292 1842; x_wconf 86' lang='lat' dir='ltr'><strong>periti.</strong></span> 
     </span>
     <span class='ocr_line' id='line_1_15' title="bbox 199 1848 1329 1948; baseline -0.006 -18"><span class='ocrx_word' id='word_1_109' title='bbox 199 1935 202 1942; x_wconf 57' lang='grc'><em>,</em></span> <span class='ocrx_word' id='word_1_110' title='bbox 246 1865 312 1930; x_wconf 80' lang='lat' dir='ltr'><strong>Sed</strong></span> <span class='ocrx_word' id='word_1_111' title='bbox 334 1848 370 1928; x_wconf 87' lang='lat' dir='ltr'><strong>bi</strong></span> <span class='ocrx_word' id='word_1_112' title='bbox 390 1869 457 1926; x_wconf 88' lang='grc' dir='ltr'>ιιοι</span> <span class='ocrx_word' id='word_1_113' title='bbox 472 1859 579 1948; x_wconf 80' lang='lat' dir='ltr'><strong>solum</strong></span> <span class='ocrx_word' id='word_1_114' title='bbox 592 1865 765 1944; x_wconf 86' lang='lat' dir='ltr'><strong>propterea</strong></span> <span class='ocrx_word' id='word_1_115' title='bbox 778 1867 854 1922; x_wconf 90' lang='lat' dir='ltr'><strong>sunt</strong></span> <span class='ocrx_word' id='word_1_116' title='bbox 868 1856 1032 1942; x_wconf 75' lang='lat' dir='ltr'><strong>illusuce,</strong></span> <span class='ocrx_word' id='word_1_117' title='bbox 1059 1859 1146 1944; x_wconf 84' lang='lat' dir='ltr'><strong>quod</strong></span> <span class='ocrx_word' id='word_1_118' title='bbox 1165 1863 1294 1946; x_wconf 81' lang='lat' dir='ltr'><strong>magnis</strong></span> <span class='ocrx_word' id='word_1_119' title='bbox 1323 1865 1329 1880; x_wconf 78' lang='lat'><strong>¹</strong></span> 
     </span>
     <span class='ocr_line' id='line_1_16' title="bbox 246 1959 1293 2051; baseline -0.006 -19"><span class='ocrx_word' id='word_1_120' title='bbox 246 1974 280 2032; x_wconf 90' lang='lat' dir='ltr'><strong>et</strong></span> <span class='ocrx_word' id='word_1_121' title='bbox 304 1965 442 2051; x_wconf 82' lang='lat' dir='ltr'><strong>egregiis</strong></span> <span class='ocrx_word' id='word_1_122' title='bbox 464 1960 661 2026; x_wconf 80' lang='lat' dir='ltr'><strong>carminibus</strong></span> <span class='ocrx_word' id='word_1_123' title='bbox 682 1962 800 2024; x_wconf 86' lang='lat' dir='ltr'><strong>aetatis</strong></span> <span class='ocrx_word' id='word_1_124' title='bbox 814 1980 892 2024; x_wconf 87' lang='lat' dir='ltr'><strong>suae</strong></span> <span class='ocrx_word' id='word_1_125' title='bbox 910 1964 1003 2040; x_wconf 80' lang='lat' dir='ltr'><strong>quasi</strong></span> <span class='ocrx_word' id='word_1_126' title='bbox 1017 1960 1163 2026; x_wconf 77' lang='lat' dir='ltr'><strong>duceret</strong></span> <span class='ocrx_word' id='word_1_127' title='bbox 1177 1959 1293 2026; x_wconf 84' lang='lat' dir='ltr'><strong>huma·</strong></span> 
     </span>
     <span class='ocr_line' id='line_1_17' title="bbox 227 2056 1294 2155; baseline -0.003 -24"><span class='ocrx_word' id='word_1_128' title='bbox 227 2070 294 2155; x_wconf 61' lang='lat' dir='ltr'><strong>⁸nit</strong></span> <span class='ocrx_word' id='word_1_129' title='bbox 281 2069 373 2130; x_wconf 88' lang='lat' dir='ltr'><strong>tatis</strong></span> <span class='ocrx_word' id='word_1_130' title='bbox 386 2071 535 2130; x_wconf 87' lang='lat' dir='ltr'><strong>auctores</strong></span> <span class='ocrx_word' id='word_1_131' title='bbox 561 2061 744 2126; x_wconf 80' lang='lat' dir='ltr'><strong>extiterunt</strong></span> <span class='ocrx_word' id='word_1_132' title='bbox 766 2056 943 2126; x_wconf 79' lang='lat' dir='ltr'><strong>immortali</strong></span> <span class='ocrx_word' id='word_1_133' title='bbox 963 2061 1070 2148; x_wconf 79' lang='lat' dir='ltr'><strong>gloria</strong></span> <span class='ocrx_word' id='word_1_134' title='bbox 1090 2063 1200 2148; x_wconf 83' lang='lat' dir='ltr'><strong>digni,</strong></span> <span class='ocrx_word' id='word_1_135' title='bbox 1235 2062 1294 2128; x_wconf 85' lang='lat' dir='ltr'><strong>sed</strong></span> 
     </span>
    </p>
   </div>
   <div class='ocr_carea' id='block_1_8' title="bbox 72 2163 1293 2253">
    <p class='ocr_par' dir='ltr' id='par_1_8' title="bbox 72 2163 1293 2253">
     <span class='ocr_line' id='line_1_18' title="bbox 72 2163 1293 2253; baseline -0.004 -20"><span class='ocrx_word' id='word_1_136' title='bbox 72 2196 77 2203; x_wconf 92' lang='lat'><strong>·</strong></span> <span class='ocrx_word' id='word_1_137' title='bbox 188 2230 197 2239; x_wconf 82' lang='lat'><strong>,</strong></span> <span class='ocrx_word' id='word_1_138' title='bbox 247 2172 346 2232; x_wconf 82' lang='lat' dir='ltr'><strong>etiam</strong></span> <span class='ocrx_word' id='word_1_139' title='bbox 368 2165 452 2248; x_wconf 83' lang='lat' dir='ltr'><strong>quod</strong></span> <span class='ocrx_word' id='word_1_140' title='bbox 467 2165 620 2228; x_wconf 86' lang='lat' dir='ltr'><strong>uniuersa</strong></span> <span class='ocrx_word' id='word_1_141' title='bbox 642 2165 751 2253; x_wconf 81' lang='lat' dir='ltr'><strong>poesis</strong></span> <span class='ocrx_word' id='word_1_142' title='bbox 768 2183 893 2252; x_wconf 87' lang='lat' dir='ltr'><strong>genera</strong></span> <span class='ocrx_word' id='word_1_143' title='bbox 915 2164 963 2228; x_wconf 89' lang='lat' dir='ltr'><strong>ita</strong></span> <span class='ocrx_word' id='word_1_144' title='bbox 976 2163 1100 2230; x_wconf 89' lang='lat' dir='ltr'><strong>ducunt</strong></span> <span class='ocrx_word' id='word_1_145' title='bbox 1114 2171 1293 2245; x_wconf 85' lang='lat' dir='ltr'><strong>etrcpras·</strong></span> 
     </span>
    </p>
   </div>
   <div class='ocr_carea' id='block_1_9' title="bbox 151 2253 1295 2856">
    <p class='ocr_par' dir='ltr' id='par_1_9' title="bbox 151 2253 1295 2856">
     <span class='ocr_line' id='line_1_19' title="bbox 244 2253 1294 2358; baseline -0.002 -25.994"><span class='ocrx_word' id='word_1_146' title='bbox 244 2253 394 2350; x_wconf 67' lang='lat' dir='ltr'><strong>mutant,</strong></span> <span class='ocrx_word' id='word_1_147' title='bbox 417 2273 454 2331; x_wconf 89' lang='grc' dir='ltr'><strong>ιι</strong></span> <span class='ocrx_word' id='word_1_148' title='bbox 468 2266 568 2336; x_wconf 84' lang='lat' dir='ltr'><strong>etiam</strong></span> <span class='ocrx_word' id='word_1_149' title='bbox 582 2257 685 2358; x_wconf 81' lang='lat' dir='ltr'><strong>multa</strong></span> <span class='ocrx_word' id='word_1_150' title='bbox 703 2265 847 2330; x_wconf 85' lang='lat' dir='ltr'><strong>carmina</strong></span> <span class='ocrx_word' id='word_1_151' title='bbox 864 2262 905 2328; x_wconf 88' lang='lat' dir='ltr'><strong>ab</strong></span> <span class='ocrx_word' id='word_1_152' title='bbox 925 2262 1001 2328; x_wconf 82' lang='lat' dir='ltr'><strong>aliis</strong></span> <span class='ocrx_word' id='word_1_153' title='bbox 1020 2266 1126 2346; x_wconf 77' lang='lat' dir='ltr'><strong>poetis</strong></span> <span class='ocrx_word' id='word_1_154' title='bbox 1147 2265 1294 2346; x_wconf 78' lang='lat' dir='ltr'><strong>proiecta</strong></span> 
     </span>
     <span class='ocr_line' id='line_1_20' title="bbox 246 2341 1295 2448; baseline -0.004 -12"><span class='ocrx_word' id='word_1_155' title='bbox 246 2369 288 2436; x_wconf 85' lang='lat' dir='ltr'><strong>ad</strong></span> <span class='ocrx_word' id='word_1_156' title='bbox 314 2390 427 2434; x_wconf 88' lang='lat' dir='ltr'><strong>eorum</strong></span> <span class='ocrx_word' id='word_1_157' title='bbox 455 2341 682 2432; x_wconf 78' lang='lat' dir='ltr'><strong>auctoritatem</strong></span> <span class='ocrx_word' id='word_1_158' title='bbox 710 2365 828 2430; x_wconf 81' lang='lat' dir='ltr'><strong>referri</strong></span> <span class='ocrx_word' id='word_1_159' title='bbox 855 2364 1042 2442; x_wconf 79' lang='lat' dir='ltr'><strong>videamna3</strong></span> <span class='ocrx_word' id='word_1_160' title='bbox 1057 2366 1111 2432; x_wconf 86' lang='lat' dir='ltr'><strong>id</strong></span> <span class='ocrx_word' id='word_1_161' title='bbox 1139 2367 1225 2448; x_wconf 80' lang='lat' dir='ltr'><strong>quod</strong></span> <span class='ocrx_word' id='word_1_162' title='bbox 1253 2389 1295 2432; x_wconf 86' lang='grc' dir='ltr'><strong>ιιι</strong></span> 
     </span>
     <span class='ocr_line' id='line_1_21' title="bbox 151 2467 1294 2557; baseline -0.002 -23"><span class='ocrx_word' id='word_1_163' title='bbox 151 2503 155 2512; x_wconf 61' lang='lat'><strong><em>¹</em></strong></span> <span class='ocrx_word' id='word_1_164' title='bbox 245 2473 449 2554; x_wconf 90' lang='lat' dir='ltr'><strong>potissimum</strong></span> <span class='ocrx_word' id='word_1_165' title='bbox 466 2467 522 2531; x_wconf 86' lang='lat' dir='ltr'><strong>de</strong></span> <span class='ocrx_word' id='word_1_166' title='bbox 557 2488 674 2534; x_wconf 83' lang='lat' dir='ltr'><strong>caussa</strong></span> <span class='ocrx_word' id='word_1_167' title='bbox 707 2468 830 2533; x_wconf 82' lang='lat' dir='ltr'><strong>iactum</strong></span> <span class='ocrx_word' id='word_1_168' title='bbox 860 2479 933 2532; x_wconf 82' lang='lat' dir='ltr'><strong>esse</strong></span> <span class='ocrx_word' id='word_1_169' title='bbox 961 2467 1069 2557; x_wconf 42' lang='lat' dir='ltr'><strong>facile,</strong></span> <span class='ocrx_word' id='word_1_170' title='bbox 1088 2469 1294 2548; x_wconf 83' lang='lat' dir='ltr'><strong>perspicitur,</strong></span> 
     </span>
     <span class='ocr_line' id='line_1_22' title="bbox 245 2567 1294 2656; baseline 0 -20"><span class='ocrx_word' id='word_1_171' title='bbox 245 2571 332 2656; x_wconf 78' lang='lat' dir='ltr'><strong>quod</strong></span> <span class='ocrx_word' id='word_1_172' title='bbox 365 2571 446 2634; x_wconf 89' lang='lat' dir='ltr'><strong>haec</strong></span> <span class='ocrx_word' id='word_1_173' title='bbox 486 2591 603 2650; x_wconf 89' lang='lat' dir='ltr'><strong>opera,</strong></span> <span class='ocrx_word' id='word_1_174' title='bbox 641 2591 723 2652; x_wconf 86' lang='lat' dir='ltr'><strong>quae</strong></span> <span class='ocrx_word' id='word_1_175' title='bbox 754 2567 966 2644; x_wconf 86' lang='lat' dir='ltr'><strong>Homericam</strong></span> <span class='ocrx_word' id='word_1_176' title='bbox 1007 2577 1065 2634; x_wconf 89' lang='lat' dir='ltr'><strong>aut</strong></span> <span class='ocrx_word' id='word_1_177' title='bbox 1102 2567 1294 2650; x_wconf 70' lang='lat' dir='ltr'><strong>Hesiodium</strong></span> 
     </span>
     <span class='ocr_line' id='line_1_23' title="bbox 245 2669 1294 2762; baseline 0.001 -26"><span class='ocrx_word' id='word_1_178' title='bbox 245 2675 403 2758; x_wconf 84' lang='lat' dir='ltr'><strong>originem</strong></span> <span class='ocrx_word' id='word_1_179' title='bbox 419 2669 669 2762; x_wconf 78' lang='lat' dir='ltr'><strong>mentiebantur,</strong></span> <span class='ocrx_word' id='word_1_180' title='bbox 690 2669 733 2740; x_wconf 81' lang='lat' dir='ltr'><strong>ad</strong></span> <span class='ocrx_word' id='word_1_181' title='bbox 748 2671 962 2756; x_wconf 89' lang='lat' dir='ltr'><strong>genuiuorum</strong></span> <span class='ocrx_word' id='word_1_182' title='bbox 976 2677 1160 2752; x_wconf 80' lang='lat' dir='ltr'><strong>poematum</strong></span> <span class='ocrx_word' id='word_1_183' title='bbox 1175 2669 1294 2737; x_wconf 84' lang='lat' dir='ltr'><strong>simili·</strong></span> 
     </span>
     <span class='ocr_line' id='line_1_24' title="bbox 244 2767 1295 2856; baseline -0.002 -16"><span class='ocrx_word' id='word_1_184' title='bbox 244 2773 391 2840; x_wconf 88' lang='lat' dir='ltr'><strong>tudinem</strong></span> <span class='ocrx_word' id='word_1_185' title='bbox 412 2771 495 2836; x_wconf 87' lang='lat' dir='ltr'><strong>adeo</strong></span> <span class='ocrx_word' id='word_1_186' title='bbox 517 2770 737 2853; x_wconf 81' lang='lat' dir='ltr'><strong>accedebant,</strong></span> <span class='ocrx_word' id='word_1_187' title='bbox 760 2779 799 2836; x_wconf 88' lang='lat' dir='ltr'><strong>ut</strong></span> <span class='ocrx_word' id='word_1_188' title='bbox 810 2767 898 2836; x_wconf 90' lang='lat' dir='ltr'><strong>idem</strong></span> <span class='ocrx_word' id='word_1_189' title='bbox 913 2774 1079 2856; x_wconf 87' lang='lat' dir='ltr'><strong>ingenium</strong></span> <span class='ocrx_word' id='word_1_190' title='bbox 1095 2770 1295 2854; x_wconf 83' lang='lat' dir='ltr'><strong>eandemque</strong></span> 
     </span>
    </p>
   </div>
   <div class='ocr_carea' id='block_1_10' title="bbox 150 2869 1389 2956">
    <p class='ocr_par' dir='ltr' id='par_1_10' title="bbox 150 2869 1389 2956">
     <span class='ocr_line' id='line_1_25' title="bbox 150 2869 1389 2956; baseline -0.01 -12"><span class='ocrx_word' id='word_1_191' title='bbox 150 2939 151 2944; x_wconf 73' lang='grc'>,</span> <span class='ocrx_word' id='word_1_192' title='bbox 237 2877 340 2948; x_wconf 82' lang='lat' dir='ltr'><strong>artis</strong></span> <span class='ocrx_word' id='word_1_193' title='bbox 354 2875 493 2940; x_wconf 79' lang='lat' dir='ltr'><strong>formam</strong></span> <span class='ocrx_word' id='word_1_194' title='bbox 525 2894 603 2954; x_wconf 87' lang='lat' dir='ltr'><strong>prae</strong></span> <span class='ocrx_word' id='word_1_195' title='bbox 632 2893 669 2936; x_wconf 88' lang='lat' dir='ltr'><strong>se</strong></span> <span class='ocrx_word' id='word_1_196' title='bbox 697 2871 832 2956; x_wconf 75' lang='lat' dir='ltr'><strong>tenent.</strong></span> <span class='ocrx_word' id='word_1_197' title='bbox 882 2869 970 2938; x_wconf 88' lang='lat' dir='ltr'><strong>Hinc</strong></span> <span class='ocrx_word' id='word_1_198' title='bbox 1004 2871 1190 2941; x_wconf 83' lang='lat' dir='ltr'><strong>scholarum</strong></span> <span class='ocrx_word' id='word_1_199' title='bbox 1220 2875 1293 2938; x_wconf 82' lang='lat' dir='ltr'><strong>sina</strong></span> <span class='ocrx_word' id='word_1_200' title='bbox 1388 2919 1389 2932; x_wconf 67' lang='grc'>,</span> 
     </span>
    </p>
   </div>
   <div class='ocr_carea' id='block_1_11' title="bbox 150 2971 1302 3479">
    <p class='ocr_par' dir='ltr' id='par_1_11' title="bbox 150 2971 1302 3479">
     <span class='ocr_line' id='line_1_26' title="bbox 246 2971 1293 3056; baseline -0.001 -14"><span class='ocrx_word' id='word_1_201' title='bbox 246 2985 406 3042; x_wconf 86' lang='lat' dir='ltr'><strong>sectarum</strong></span> <span class='ocrx_word' id='word_1_202' title='bbox 428 2983 500 3050; x_wconf 86' lang='lat' dir='ltr'><strong>orta</strong></span> <span class='ocrx_word' id='word_1_203' title='bbox 522 2976 675 3056; x_wconf 87' lang='lat' dir='ltr'><strong>opinione</strong></span> <span class='ocrx_word' id='word_1_204' title='bbox 696 2973 737 3038; x_wconf 85' lang='lat' dir='ltr'><strong>de</strong></span> <span class='ocrx_word' id='word_1_205' title='bbox 758 2971 954 3042; x_wconf 87' lang='lat' dir='ltr'><strong>Homericae</strong></span> <span class='ocrx_word' id='word_1_206' title='bbox 974 2978 1055 3041; x_wconf 82' lang='lat' dir='ltr'><strong>artis</strong></span> <span class='ocrx_word' id='word_1_207' title='bbox 1074 2974 1293 3046; x_wconf 84' lang='lat' dir='ltr'><strong>imitatoribus</strong></span> 
     </span>
     <span class='ocr_line' id='line_1_27' title="bbox 195 3076 1292 3162; baseline 0.002 -22"><span class='ocrx_word' id='word_1_208' title='bbox 195 3133 199 3140; x_wconf 87' lang='lat'><em>.</em></span> <span class='ocrx_word' id='word_1_209' title='bbox 247 3087 281 3144; x_wconf 89' lang='lat' dir='ltr'><strong>et</strong></span> <span class='ocrx_word' id='word_1_210' title='bbox 308 3076 443 3142; x_wconf 83' lang='lat' dir='ltr'><strong>asseclis</strong></span> <span class='ocrx_word' id='word_1_211' title='bbox 470 3097 587 3162; x_wconf 83' lang='lat' dir='ltr'><strong>magno</strong></span> <span class='ocrx_word' id='word_1_212' title='bbox 613 3097 686 3161; x_wconf 79' lang='lat' dir='ltr'><strong>cum</strong></span> <span class='ocrx_word' id='word_1_213' title='bbox 714 3076 822 3154; x_wconf 86' lang='lat' dir='ltr'><strong>studio</strong></span> <span class='ocrx_word' id='word_1_214' title='bbox 852 3083 887 3140; x_wconf 91' lang='lat' dir='ltr'><strong>et</strong></span> <span class='ocrx_word' id='word_1_215' title='bbox 909 3080 1117 3143; x_wconf 84' lang='lat' dir='ltr'><strong>contentione</strong></span> <span class='ocrx_word' id='word_1_216' title='bbox 1137 3099 1197 3144; x_wconf 89' lang='lat' dir='ltr'><strong>nec</strong></span> <span class='ocrx_word' id='word_1_217' title='bbox 1221 3081 1292 3144; x_wconf 82' lang='lat' dir='ltr'><strong>sinc</strong></span> 
     </span>
     <span class='ocr_line' id='line_1_28' title="bbox 150 3145 1293 3285; baseline 0.003 -41"><span class='ocrx_word' id='word_1_218' title='bbox 150 3167 153 3197; x_wconf 72' lang='lat'>⁵</span> <span class='ocrx_word' id='word_1_219' title='bbox 245 3195 362 3285; x_wconf 75' lang='lat' dir='ltr'><strong>magno</strong></span> <span class='ocrx_word' id='word_1_220' title='bbox 384 3178 567 3244; x_wconf 85' lang='lat' dir='ltr'><strong>litterarum</strong></span> <span class='ocrx_word' id='word_1_221' title='bbox 579 3152 687 3256; x_wconf 79' lang='lat' dir='ltr'><strong>fructu</strong></span> <span class='ocrx_word' id='word_1_222' title='bbox 703 3185 815 3242; x_wconf 86' lang='lat' dir='ltr'><strong>nostru</strong></span> <span class='ocrx_word' id='word_1_223' title='bbox 827 3180 973 3242; x_wconf 87' lang='lat' dir='ltr'><strong>maxime</strong></span> <span class='ocrx_word' id='word_1_224' title='bbox 989 3186 1096 3244; x_wconf 86' lang='lat' dir='ltr'><strong>aetate</strong></span> <span class='ocrx_word' id='word_1_225' title='bbox 1112 3145 1293 3274; x_wconf 77' lang='lat' dir='ltr'><strong>quaesitum</strong></span> 
     </span>
     <span class='ocr_line' id='line_1_29' title="bbox 203 3261 1293 3370; baseline 0 -26"><span class='ocrx_word' id='word_1_226' title='bbox 203 3363 204 3370; x_wconf 8' lang='grc' dir='ltr'>ἵ</span> <span class='ocrx_word' id='word_1_227' title='bbox 245 3289 296 3344; x_wconf 84' lang='grc' dir='ltr'><strong>ιιι</strong></span> <span class='ocrx_word' id='word_1_228' title='bbox 318 3282 381 3344; x_wconf 88' lang='grc' dir='ltr'><strong>ιι</strong></span> <span class='ocrx_word' id='word_1_229' title='bbox 372 3301 438 3346; x_wconf 83' lang='lat' dir='ltr'><strong>rem</strong></span> <span class='ocrx_word' id='word_1_230' title='bbox 459 3300 498 3364; x_wconf 77' lang='lat' dir='ltr'><strong>eo</strong></span> <span class='ocrx_word' id='word_1_231' title='bbox 522 3280 590 3344; x_wconf 83' lang='lat' dir='ltr'><strong>iere</strong></span> <span class='ocrx_word' id='word_1_232' title='bbox 604 3278 725 3343; x_wconf 85' lang='lat' dir='ltr'><strong>redact&#39;</strong></span> <span class='ocrx_word' id='word_1_233' title='bbox 702 3285 728 3342; x_wconf 89' lang='grc' dir='ltr'><strong>ιι</strong></span> <span class='ocrx_word' id='word_1_234' title='bbox 742 3300 872 3359; x_wconf 89' lang='lat' dir='ltr'><strong>sumus,</strong></span> <span class='ocrx_word' id='word_1_235' title='bbox 898 3286 935 3344; x_wconf 89' lang='lat' dir='ltr'><strong>ut</strong></span> <span class='ocrx_word' id='word_1_236' title='bbox 950 3275 1145 3344; x_wconf 78' lang='lat' dir='ltr'><strong>Homericae</strong></span> <span class='ocrx_word' id='word_1_237' title='bbox 1160 3261 1293 3346; x_wconf 80' lang='lat' dir='ltr'><strong>scholae</strong></span> 
     </span>
     <span class='ocr_line' id='line_1_30' title="bbox 244 3365 1302 3479; baseline 0 -31"><span class='ocrx_word' id='word_1_238' title='bbox 244 3382 468 3470; x_wconf 85' lang='lat' dir='ltr'><strong>agnoscendae</strong></span> <span class='ocrx_word' id='word_1_239' title='bbox 496 3383 724 3446; x_wconf 83' lang='lat' dir='ltr'><strong>necessitatem</strong></span> <span class='ocrx_word' id='word_1_240' title='bbox 745 3384 808 3444; x_wconf 85' lang='lat' dir='ltr'><strong>uix</strong></span> <span class='ocrx_word' id='word_1_241' title='bbox 829 3381 970 3479; x_wconf 77' lang='lat' dir='ltr'><strong>elingere</strong></span> <span class='ocrx_word' id='word_1_242' title='bbox 989 3403 1085 3462; x_wconf 89' lang='lat' dir='ltr'><strong>posse</strong></span> <span class='ocrx_word' id='word_1_243' title='bbox 1105 3365 1302 3464; x_wconf 73' lang='lat' dir='ltr'><strong>iudeorum,</strong></span> 
     </span>
    </p>
   </div>
   <div class='ocr_carea' id='block_1_12' title="bbox 114 3478 1293 3573">
    <p class='ocr_par' dir='ltr' id='par_1_12' title="bbox 114 3478 1293 3573">
     <span class='ocr_line' id='line_1_31' title="bbox 114 3478 1293 3573; baseline 0 -25"><span class='ocrx_word' id='word_1_244' title='bbox 114 3553 117 3557; x_wconf 67' lang='grc'><strong>,</strong></span> <span class='ocrx_word' id='word_1_245' title='bbox 244 3505 426 3573; x_wconf 72' lang='lat' dir='ltr'><strong>quanquam</strong></span> <span class='ocrx_word' id='word_1_246' title='bbox 443 3478 726 3548; x_wconf 81' lang='lat' dir='ltr'><strong>Nitzschianarrun</strong></span> <span class='ocrx_word' id='word_1_247' title='bbox 747 3480 984 3562; x_wconf 79' lang='lat' dir='ltr'><strong>dubitationum</strong></span> <span class='ocrx_word' id='word_1_248' title='bbox 1007 3506 1073 3548; x_wconf 90' lang='lat' dir='ltr'><strong>non</strong></span> <span class='ocrx_word' id='word_1_249' title='bbox 1086 3486 1293 3551; x_wconf 83' lang='lat' dir='ltr'><strong>immemores</strong></span> 
     </span>
    </p>
   </div>
   <div class='ocr_carea' id='block_1_13' title="bbox 216 3581 1349 4080">
    <p class='ocr_par' dir='ltr' id='par_1_13' title="bbox 216 3581 1349 4080">
     <span class='ocr_line' id='line_1_32' title="bbox 243 3581 1292 3668; baseline 0.004 -20"><span class='ocrx_word' id='word_1_250' title='bbox 243 3582 381 3668; x_wconf 82' lang='lat' dir='ltr'><strong>aliquid,</strong></span> <span class='ocrx_word' id='word_1_251' title='bbox 403 3583 446 3649; x_wconf 87' lang='lat' dir='ltr'><strong>nd</strong></span> <span class='ocrx_word' id='word_1_252' title='bbox 479 3583 611 3666; x_wconf 88' lang='lat' dir='ltr'><strong>plenam</strong></span> <span class='ocrx_word' id='word_1_253' title='bbox 640 3585 883 3664; x_wconf 84' lang='lat' dir='ltr'><strong>persuasionem</strong></span> <span class='ocrx_word' id='word_1_254' title='bbox 897 3581 1093 3650; x_wconf 85' lang='lat' dir='ltr'><strong>desiderari</strong></span> <span class='ocrx_word' id='word_1_255' title='bbox 1122 3589 1292 3652; x_wconf 81' lang='grc' dir='ltr'>ιιιιὶιιιιι.</span> 
     </span>
     <span class='ocr_line' id='line_1_33' title="bbox 242 3682 1292 3772; baseline 0.003 -23"><span class='ocrx_word' id='word_1_256' title='bbox 242 3683 421 3750; x_wconf 84' lang='lat' dir='ltr'><strong>llesiodiaa</strong></span> <span class='ocrx_word' id='word_1_257' title='bbox 438 3692 547 3752; x_wconf 85' lang='lat' dir='ltr'><strong>autem</strong></span> <span class='ocrx_word' id='word_1_258' title='bbox 561 3691 670 3748; x_wconf 83' lang='grc' dir='ltr'>ιιιιιι</span> <span class='ocrx_word' id='word_1_259' title='bbox 689 3687 761 3750; x_wconf 86' lang='lat' dir='ltr'><strong>siue</strong></span> <span class='ocrx_word' id='word_1_260' title='bbox 776 3682 922 3770; x_wconf 61' lang='lat' dir='ltr'><strong>inutilius</strong></span> <span class='ocrx_word' id='word_1_261' title='bbox 937 3688 1069 3752; x_wconf 84' lang='lat' dir='ltr'><strong>nornine</strong></span> <span class='ocrx_word' id='word_1_262' title='bbox 1084 3711 1181 3772; x_wconf 89' lang='lat' dir='ltr'><strong>quum</strong></span> <span class='ocrx_word' id='word_1_263' title='bbox 1183 3686 1292 3755; x_wconf 87' lang='lat' dir='ltr'><strong>hodie</strong></span> 
     </span>
     <span class='ocr_line' id='line_1_34' title="bbox 242 3788 1300 3884; baseline 0 -32"><span class='ocrx_word' id='word_1_264' title='bbox 242 3795 368 3854; x_wconf 80' lang='lat' dir='ltr'><strong>tuntum</strong></span> <span class='ocrx_word' id='word_1_265' title='bbox 390 3807 456 3852; x_wconf 87' lang='lat' dir='ltr'><strong>non</strong></span> <span class='ocrx_word' id='word_1_266' title='bbox 476 3792 760 3874; x_wconf 68' lang='lat' dir='ltr'><strong>consectantur,</strong></span> <span class='ocrx_word' id='word_1_267' title='bbox 788 3808 844 3852; x_wconf 89' lang='grc' dir='ltr'><strong>ιιι</strong></span> <span class='ocrx_word' id='word_1_268' title='bbox 865 3789 973 3868; x_wconf 59' lang='lat' dir='ltr'><strong>ipsa„</strong></span> <span class='ocrx_word' id='word_1_269' title='bbox 987 3809 1083 3870; x_wconf 86' lang='lat' dir='ltr'><strong>qnam</strong></span> <span class='ocrx_word' id='word_1_270' title='bbox 1106 3788 1201 3856; x_wconf 77' lang='lat' dir='ltr'><strong>mrdti</strong></span> <span class='ocrx_word' id='word_1_271' title='bbox 1214 3810 1300 3884; x_wconf 38' lang='lat' dir='ltr'><strong>pas-¹</strong></span> 
     </span>
     <span class='ocr_line' id='line_1_35' title="bbox 216 3887 1290 3976; baseline 0.007 -29"><span class='ocrx_word' id='word_1_272' title='bbox 216 3927 225 3946; x_wconf 88' lang='lat'>.</span> <span class='ocrx_word' id='word_1_273' title='bbox 242 3889 473 3976; x_wconf 78' lang='lat' dir='ltr'><strong>simtetigere,</strong></span> <span class='ocrx_word' id='word_1_274' title='bbox 496 3888 654 3974; x_wconf 74' lang='lat' dir='ltr'><strong>maiorem</strong></span> <span class='ocrx_word' id='word_1_275' title='bbox 668 3891 766 3963; x_wconf 80' lang='lat' dir='ltr'><strong>ctiam</strong></span> <span class='ocrx_word' id='word_1_276' title='bbox 782 3887 1012 3954; x_wconf 79' lang='lat' dir='ltr'><strong>obscmitatem</strong></span> <span class='ocrx_word' id='word_1_277' title='bbox 1027 3897 1062 3954; x_wconf 88' lang='lat' dir='ltr'><strong>et</strong></span> <span class='ocrx_word' id='word_1_278' title='bbox 1075 3889 1290 3964; x_wconf 66' lang='lat' dir='ltr'><strong>mundandi</strong></span> 
     </span>
     <span class='ocr_line' id='line_1_36' title="bbox 239 3977 1349 4080; baseline 0.002 -26"><span class='ocrx_word' id='word_1_279' title='bbox 239 3990 409 4064; x_wconf 79' lang='lat' dir='ltr'><strong>materiam</strong></span> <span class='ocrx_word' id='word_1_280' title='bbox 437 3986 553 4070; x_wconf 86' lang='lat' dir='ltr'><strong>habet,</strong></span> <span class='ocrx_word' id='word_1_281' title='bbox 591 4009 686 4070; x_wconf 85' lang='lat' dir='ltr'><strong>quam</strong></span> <span class='ocrx_word' id='word_1_282' title='bbox 707 3987 818 4072; x_wconf 89' lang='lat' dir='ltr'><strong>paullo</strong></span> <span class='ocrx_word' id='word_1_283' title='bbox 835 3977 1005 4080; x_wconf 70' lang='lat' dir='ltr'><strong>¹&#39;copiosius</strong></span> <span class='ocrx_word' id='word_1_284' title='bbox 1034 3998 1232 4071; x_wconf 85' lang='lat' dir='ltr'><strong>pertractare</strong></span> <span class='ocrx_word' id='word_1_285' title='bbox 1254 3998 1289 4058; x_wconf 83' lang='lat' dir='ltr'><strong>ct</strong></span> <span class='ocrx_word' id='word_1_286' title='bbox 1306 3996 1349 4017; x_wconf 80' lang='grc'><strong>·’“</strong></span> 
     </span>
    </p>
   </div>
   <div class='ocr_carea' id='block_1_14' title="bbox 71 4062 1388 4180">
    <p class='ocr_par' dir='ltr' id='par_1_14' title="bbox 71 4062 1388 4180">
     <span class='ocr_line' id='line_1_37' title="bbox 71 4062 1388 4180; baseline 0.008 -29"><span class='ocrx_word' id='word_1_287' title='bbox 71 4062 75 4070; x_wconf 69' lang='lat'><strong>,</strong></span> <span class='ocrx_word' id='word_1_288' title='bbox 161 4125 163 4130; x_wconf 94' lang='lat'>·</span> <span class='ocrx_word' id='word_1_289' title='bbox 237 4096 343 4154; x_wconf 82' lang='lat' dir='ltr'><strong>totam</strong></span> <span class='ocrx_word' id='word_1_290' title='bbox 369 4092 555 4174; x_wconf 90' lang='lat' dir='ltr'><strong>opinionem</strong></span> <span class='ocrx_word' id='word_1_291' title='bbox 584 4089 627 4156; x_wconf 88' lang='lat' dir='ltr'><strong>ad</strong></span> <span class='ocrx_word' id='word_1_292' title='bbox 655 4091 691 4154; x_wconf 94' lang='lat' dir='ltr'><strong>id</strong></span> <span class='ocrx_word' id='word_1_293' title='bbox 720 4091 806 4174; x_wconf 80' lang='lat' dir='ltr'><strong>quod</strong></span> <span class='ocrx_word' id='word_1_294' title='bbox 833 4113 947 4161; x_wconf 88' lang='lat' dir='ltr'><strong>uerum</strong></span> <span class='ocrx_word' id='word_1_295' title='bbox 982 4092 1112 4176; x_wconf 87' lang='lat' dir='ltr'><strong>uidetur</strong></span> <span class='ocrx_word' id='word_1_296' title='bbox 1134 4093 1287 4180; x_wconf 78' lang='lat' dir='ltr'><strong>redigere</strong></span> <span class='ocrx_word' id='word_1_297' title='bbox 1387 4139 1388 4146; x_wconf 34' lang='grc' dir='ltr'><strong>ι</strong></span> 
     </span>
    </p>
   </div>
   <div class='ocr_carea' id='block_1_15' title="bbox 0 0 1406 4734">
    <p class='ocr_par' dir='ltr' id='par_1_15' title="bbox 0 0 1406 4734">
     <span class='ocr_line' id='line_1_38' title="bbox 0 0 1406 4734; baseline 0 1"><span class='ocrx_word' id='word_1_298' title='bbox 0 0 1406 4734; x_wconf 95' lang='lat' dir='ltr'><strong> </strong></span> 
     </span>
    </p>
   </div>
  </div>
 </body>
</html>
