2826 4718
411 385 414 396 ’
456 371 513 460 Do
534 389 646 458 ecbola
667 391 844 460 accarca.
1133 406 1172 467 31

123 561 418 632 circumnatebantl
446 559 545 626 illud
572 583 638 626 non
672 583 806 644 uemnr,
840 562 901 649 hoc¹
934 565 1081 646 ineptum
1114 575 1205 656 est.-

122 665 331 746 Welclrerus,
354 674 498 730 ceterum
519 665 555 728 iu
577 660 639 728 hac
660 683 697 728 re
718 663 899 747 accuratus,
924 663 1010 737 banc
1031 665 1175 736 difficul.
1242 673 1259 700 ⁸·

119 775 217 834 tatem
245 789 312 832 non
339 765 472 832 uidetur
500 767 663 839 seusium
694 772 790 829 certe·
803 763 888 831 nibil
913 762 1035 834 monet.
1079 767 1191 866 Quae,

119 869 279 951 quomodo
299 866 593 934 remouendaesse
614 887 688 934 cum
708 867 899 950 cogitarem,
921 870 1054 950 inspexi
1072 867 1173 954 Wyt·

81 963 84 980 '
119 970 283 1036 teubaclrii
302 973 339 1035 iu
354 967 565 1036 Plutarchum
586 969 849 1048 commentarios,
869 970 905 1033 in
928 970 1044 1052 quibus
1062 991 1095 1052 p.
1109 977 1174 1038 980
1264 1019 1268 1028 .

119 1070 278 1146 Εὐπαλίας
298 1093 360 1152 pro
379 1068 516 1152 Εὐβοίας
536 1071 739 1152 propositum
761 1087 833 1132 esse
856 1069 936 1136 uidi.
980 1069 1073 1147 Quae
1095 1093 1173 1138 con·

119 1176 244 1238 iectura
267 1170 360 1238 nullo
382 1171 487 1260 ruodo¹
502 1172 632 1242 admitti
650 1176 769 1252 potest.
790 1169 970 1252 ‘Eupalium
991 1172 1071 1238 dicit
1090 1175 1174 1238 uici·
1214 1246 1218 1256 Χ
1269 1155 1276 1180 ’
1342 1229 1347 1242 .

121 1294 191 1338 nam
206 1273 393 1354 Naupacto,
414 1275 485 1336 sinc
509 1272 607 1337 dubio
630 1291 703 1335 eam
723 1269 838 1336 urbem
860 1269 1060 1358 intelligens,
1077 1295 1173 1356 quam

121 1373 331 1458 Thucydides
353 1373 412 1454 111,
436 1363 498 1441 102
526 1372 685 1440 Εὖιιάλιον
706 1380 814 1438 uocat.
849 1371 919 1441 Iam
943 1393 1040 1455 quum
1062 1373 1173 1450 Edua-

120 1478 166 1543 ito
192 1477 302 1556 ipsius
329 1473 490 1546 Locridis,
509 1473 587 1538 urbs
614 1475 731 1554 luerit,
763 1473 881 1555 aliquis
910 1459 994 1538 mibi
1022 1474 1174 1540 ostendat

111 1597 203 1642 *mare
224 1576 344 1658 μεταξὺ
364 1581 420 1658 τῆς
431 1574 596 1658 Λοκρίδος
616 1576 667 1642 καὶ
684 1573 844 1650 Εὐπαλίας
862 1582 896 1642 et
911 1578 1076 1640 maximus
1090 1576 1173 1640 mibi
1194 1598 1219 1662 ι,
1260 1606 1264 1616 ·

121 1681 179 1741 erit
199 1675 337 1758 Apollo.
374 1677 546 1756 Quomodo
568 1685 677 1741 autem
698 1683 750 1742 est
770 1675 830 1741 illa
852 1674 1030 1758 difficultas
1051 1673 1172 1740 tollen·

122 1779 177 1842 dai
208 1779 284 1844 Hoc
306 1789 374 1866 non
397 1776 535 1842 difficile
555 1779 704 1861 uidetur,
726 1777 895 1859 siquidem*
908 1781 1054 1868 ineptum
1077 1772 1171 1842 Cer-

121 1883 295 1944 taminis
329 1887 492 1943 auctorem
524 1887 558 1942 et
585 1879 741 1944 Proclurn
768 1872 889 1944 erroris
916 1899 1051 1962 arguere
1081 1877 1170 1954 licet.
1203 1953 1206 1957 ,

124 1977 285 2045 Hesiodus
306 1967 533 2068 apudulrocros
554 1981 745 2046 interfectus
768 1979 946 2046 dicebatur.
979 1976 1172 2063 Quanquam

125 2089 226 2146 autem
257 2083 371 2146 addita
391 2079 481 2146 Iouis
502 2077 620 2146 Nemei
648 2083 814 2146 mentione
843 2081 976 2146 dubium
1005 2102 1077 2146 esse
1107 2101 1173 2146 non

125 2191 260 2264 poterat,
284 2185 361 2264 qdin
384 2182 508 2247 Ozolae
530 2181 631 2247 Locri
652 2180 925 2267 significarentur,
945 2192 1055 2248 tamen
1073 2186 1173 2248 semi·
1229 2261 1233 2269 ,

124 2282 231 2370 doctus
262 2283 391 2366 quidam
412 2287 652 2368 grammaticus,
675 2287 746 2348 siue
760 2286 790 2348 is
807 2281 1005 2350 Certaminis
1022 2288 1172 2366 scriptor,

117 2386 191 2476 *siue
214 2384 304 2450 alius
324 2391 401 2450 ante
426 2406 503 2450 euru
519 2386 602 2465 tuit,
632 2385 675 2448 ad
696 2384 860 2466 Opuntios
880 2385 1066 2473 transtulit,
1089 2387 1175 2468 quod

130 2483 304 2552 Oculorum
327 2495 408 2566 erat,
431 2493 474 2566 et,
498 2493 537 2552 ut
552 2475 622 2550 rem
644 2489 827 2552 accuratius
843 2487 1052 2566 describeret,
1074 2491 1174 2554 maris

125 2583 257 2652 Lucridi
282 2591 316 2652 et
335 2588 490 2652 Euboeae
519 2589 710 2652 interiectae
739 2585 1014 2674 significationem
1042 2589 1174 2670 adiecit,

127 2687 215 2766 quim
237 2692 374 2770 antiqua
396 2688 484 2752 sama
513 2693 613 2753 maris
637 2708 756 2755 nomeu
783 2711 847 2754 non
877 2693 1071 2757 traderetur.
1113 2690 1175 2756 Est

126 2790 249 2866 quidem
279 2811 358 2855 sane
386 2792 471 2854 mira
494 2797 552 2854 aut
583 2793 769 2887 ignorantia
800 2789 858 2874 aut
885 2794 1191 2874 inconsiderantia,.
1221 2840 1225 2848 =

127 2909 214 2978 quam
241 2889 482 2956 bonohomini
510 2892 702 2980 tribuimus,
732 2893 791 2958 sed
819 2897 874 2976 qui
895 2893 1039 2960 Graecos
1066 2913 1173 2980 gram·

129 2992 295 3078 meticulos
324 2995 532 3073 tructauerit‚
570 2996 600 3058 is
632 2993 731 3058 facile
761 2993 919 3060 similium
950 2996 1178 3078 exemplorum
1201 3044 1204 3058 ι

130 3073 346 3160 recordabitur
374 3115 479 3176 neque
505 3093 756 3235 improbabilem
785 3101 929 3160 nostram
957 3100 1176 3168 coniecturam

131 3190 290 3282 iudicabit.

210 3294 294 3361 Tria
314 3299 415 3382 igitur
436 3298 586 3380 sepulcra
606 3256 746 3363 Hesiodi
767 3301 902 3378 antiqua
923 3300 1081 3362 memoria
1102 3317 1176 3380 pcr-

133 3387 329 3464 bibebantur.
362 3399 429 3517 Sed
449 3402 512 3466 duo
527 3408 654 3468 tantum
675 3402 806 3485 cognita
826 3398 979 3463 habuisse
994 3398 1124 3462 uidetur
1143 3383 1190 3480 ‘ll

90 3621 94 3634 Ι
134 3597 331 3620 *Qun—n·—

194 3703 219 3772 ιι)
238 3708 289 3764 Sed
316 3709 395 3761 etiam
424 3707 520 3778 reliqui
546 3707 689 3772 scriptores
716 3703 767 3756 duc
794 3710 893 3762 tanturn
922 3700 1029 3754 Hesiodi
1056 3701 1177 3768 sepulcra

135 3799 192 3851 ⁸8³⁰
194 3803 285 3861 δοιοῖς
304 3794 472 3860 Plutarchus,
490 3792 644 3858 Pausaniam,
662 3789 772 3842 Procius
791 3796 819 3840 ot
835 3789 983 3843 Certant.
1003 3785 1174 3854 Naupactiunr

137 3879 161 3922 et
186 3875 234 3930 Orc
235 3865 396 3946 bomcniurb3
428 3879 590 3934 Aristotcles
616 3877 683 3944 apud
707 3875 798 3932 Procl
827 3873 877 3940 Op.
904 3875 953 3924 ⁶31
980 3869 1126 3923 Ascraeum
1151 3877 1178 3919 ct

139 3953 334 4020 bononorum
371 3965 448 4042 Quod
471 3964 495 4021 si
511 3969 661 4030 reputasset
679 3961 835 4014 wolckerus
860 3973 919 4026 pag
942 3957 1003 4008 140.
1030 3955 1100 4022 ima,
1127 3970 1178 4006 nou

140 4039 238 4102 dixisset
260 4067 368 4122 prorsus
391 4045 515 4104 diuerrs'e
536 4048 641 4100 tabulae
668 4048 780 4110 uestigia
805 4046 831 4096 in
857 4043 902 4100 illo
926 4039 1108 4110 epigrammate
1131 4053 1177 4108 ep-

139 4140 228 4190 parere
