2826 4718
196 391 267 456 *⁷6
323 391 329 410 '
553 387 607 456 De
626 385 736 476 ‘petiis
758 379 941 458 Hectoreae.

203 559 313 630 ιιιτ111ι
327 567 456 643 poetam
472 562 639 626 nominare
655 557 803 625 debebat.
832 548 965 626 'Deinde
983 561 1210 644 admonemur,
1229 586 1271 630 ne
1396 602 1398 608 π

196 677 200 685 ·
223 663 308 743 apud
337 661 574 748 Hieronymum
605 663 696 750 (Eua.
720 661 842 726 Chron.
866 661 920 728 Ol.
943 661 987 728 V.
1018 662 1272 747 Cinaethon,

221 761 585 843 Lacedaemonius
614 773 740 848 poeta„
759 768 828 846 qui
858 763 1137 850 'l'alegoniam
1165 771 1272 834 scri·

114 879 121 918 '1
221 867 337 949 psit,
360 859 697 952 agnoscebatur)
734 864 823 930 aliud
853 887 983 929 carmen
1013 866 1271 934 substituendum

221 957 382 1050 putamus.
409 967 461 1034 De
478 991 540 1051 qua
554 989 591 1034 re
612 970 722 1036 uarias
743 969 888 1032 uirorum
909 967 1077 1032 doctorum
1101 973 1273 1051 opiniones

220 1072 308 1158 inira
323 1073 472 1154 exposui.
500 1071 603 1134 Porro
619 1071 797 1134 cauendum
813 1079 873 1151 est,
889 1092 929 1133 ne
946 1069 1029 1138 hanc
1045 1069 1271 1156 Telegonum,

128 1181 130 1190 ’
218 1193 304 1254 quae
319 1169 523 1238 'Cinaethoni
550 1169 721 1253 tribuitur,
750 1195 770 1236 a
792 1171 920 1255 ‘cyclica
950 1172 1112 1242 diuersam
1134 1173 1273 1240 arbitro:
1371 1181 1382 1265 s'

220 1265 310 1356 mur,
341 1277 375 1337 in
406 1295 468 1356 qua
496 1278 648 1357 opinione
670 1265 883 1340 Wuellnerus
911 1297 942 1355 p.
966 1273 1007 1340 96
1033 1295 1108 1340 esso
1129 1273 1270 1360 uidetur,

165 1391 167 1398 ’
220 1375 325 1456 neque
345 1375 492 1440 dubitare
515 1375 654 1440 debebat
676 1373 714 1440 C.
731 1375 771 1442 G.
788 1365 969 1440 Muellerus
990 1399 1022 1458 p.
1040 1381 1112 1441 136.
1156 1367 1270 1458 Nequd

221 1495 332 1542 eorum
367 1481 571 1557 sententiam,
594 1478 797 1560 probabilem
829 1465 904 1543 esse
935 1477 1036 1558 duco,
1074 1481 1146 1560 qui,
1186 1471 1270 1560 quae
1355 1505 1360 1516 ¹

219 1566 417 1645 'Cinaethoni
439 1581 593 1645 tribuitur
611 1571 811 1666 Telegonia,
833 1603 905 1645 eam
927 1587 1041 1664 postea
1065 1580 1105 1644 ab
1128 1579 1270 1664 Eugam-
1306 1601 1307 1606 ’

114 1741 117 1746 .
219 1703 315 1747 mone
345 1689 553 1776 retractatam
581 1704 654 1770 esse
681 1686 855 1763 opinantur
884 1689 918 1747 et
945 1685 993 1746 sic
1026 1679 1116 1747 illius
1146 1681 1268 1748 discre-

113 1788 115 1794 ’
218 1785 532 1868 pantiaa‘originem
550 1781 753 1864 explicuisse
775 1783 839 1848 sibi
859 1783 1023 1848 uidentur.

263 1918 266 1927 ·
303 1885 428 1952 Eadem
456 1885 601 1968 quaeda
625 1883 806 1970 'l'elegonia
826 1886 899 1949 dixi
921 1887 956 1950 ln
977 1871 1272 1970 Iliademparuam

154 2029 159 2038 -
218 1987 354 2060 cadunt3
391 2008 486 2068 quam
519 1990 547 2051 si
569 1989 648 2086 'quis
678 1987 727 2072 (ut
746 1986 943 2058 Leutsehius
964 1986 987 2051 l.
1011 1985 1054 2068 l.,
1085 1989 1140 2068 qui
1168 1981 1272 2054 etiam

153 2095 160 2102 ’
217 2093 254 2155 in
273 2077 426 2154 carminis
447 2091 581 2153 nornine
604 2088 704 2172 errat)
728 2086 926 2153 Cinaetboni
939 2088 1023 2158 falso
1036 2087 1177 2153 adscribi
1189 2091 1270 2154 sim-

215 2191 347 2274 pliciter
368 2192 554 2272 contendit,
583 2191 716 2280 omuino
746 2193 944 2272 quaestionis
966 2192 1034 2254 uim
1061 2198 1095 2255 et
1119 2197 1272 2272 naturam
1336 2209 1339 2218 ’

214 2295 424 2377 perspexisse
446 2302 504 2358 aut
527 2295 668 2358 sensisse
688 2314 755 2356 non
776 2293 917 2357 uidetur.
960 2291 1091 2357 Etenim
1113 2291 1183 2357 hoc
1197 2293 1271 2377 agi-

94 2457 98 2464 .
187 2402 287 2478 ‘iur,
323 2404 362 2460 ut
390 2381 592 2476 communem
629 2395 808 2460 carminum
845 2399 1009 2476 epicorum
1047 2392 1300 2474 conditionem,
1411 2419 1412 2440 ³

134 2541 136 2546 -
215 2498 457 2566 consideremus
479 2495 733 2582 etsingularum
756 2501 901 2584 gentium
930 2497 991 2562 illa
1012 2496 1076 2562 sibi
1096 2495 1269 2560 uindioari·

155 2621 158 2632 ’
213 2601 297 2664 lium
318 2603 391 2664 iura
412 2602 649 2664 examinemus.
677 2583 793 2681 Atque*
807 2601 835 2664 si
848 2605 1033 2682 propterea,
1056 2597 1142 2679 quod
1155 2597 1267 2678 plures

215 2703 390 2782 scriptores
418 2701 551 2790 aliquod
581 2691 711 2766 carmen
735 2707 824 2765 certo
850 2701 977 2764 cuidam
1005 2707 1121 2782 poetae
1142 2701 1269 2766 adseri·-

213 2799 313 2883 bant,
344 2802 431 2866 huno
459 2825 518 2884 pro
546 2825 626 2866 uero
648 2811 780 2868 auctore
799 2797 977 2883 habemus,
1005 2804 1182 2868 uidendum
1203 2811 1267 2884 est,

214 2923 256 2970 na
278 2903 341 2983 boc
364 2905 463 2968 nimis
484 2904 628 2968 studiose
658 2905 832 2978 iaciamus3
866 2925 969 2995 neque
993 2887 1112 2984 reliqui
1136 2912 1266 2986 poetae,

203 3006 255 3074 ¹da
278 3005 421 3078 eiusdem
445 3006 598 3070 carminis
619 3009 825 3087 possessione
849 3013 1021 3086 certantes,
1047 3012 1114 3079 tam
1138 3005 1265 3086 simpli-

116 3113 128 3198 s
214 3109 297 3176 citer
326 3116 403 3173 sunt
429 3103 609 3172 reiiciendi.
653 3103 898 3184 Difficillimum
928 3107 1057 3188 quidem
1087 3113 1138 3171 est
1166 3109 1200 3170 in
1225 3128 1266 3170 aa
1324 3173 1332 3192 ,

214 3217 280 3291 qua
298 3207 483 3274 laboramus
505 3209 765 3273 testimoniorum
786 3209 897 3286 inopia
919 3215 953 3272 at
973 3203 1131 3272 tenuitate
1150 3229 1265 3272 uerum

213 3301 379 3376 auctorem
406 3313 623 3395 inuestigare3
656 3309 714 3372 sed
735 3307 798 3371 hoc
825 3316 935 3373 ta'rnen
963 3316 1075 3374 tenere
1098 3308 1264 3390 debemus,

30 3437 38 3456 ·
104 3427 108 3432 “
212 3415 451 3497 ignorationem
473 3415 580 3494 potius
605 3410 833 3493 profitendam,
859 3433 954 3492 quam
977 3409 1036 3482 has
1059 3413 1265 3493 quaestiones

188 3523 190 3531 ’
213 3519 281 3578 lam
302 3513 421 3579 leuiter
442 3513 657 3580 instituendas
680 3535 770 3595 esse,
796 3520 834 3596 ut
854 3517 884 3578 si
905 3516 958 3578 cni
979 3521 1095 3594 poetae
1118 3537 1139 3577 a
1159 3512 1264 3576 tribus¹

181 3629 186 3648 ‘
212 3611 269 3678 uel
291 3621 442 3695 quattuor
468 3615 697 3697 scriptoribus,
727 3614 803 3680 aliis
835 3621 944 3679 autem
973 3616 1013 3678 ab
1042 3636 1108 3679 uno
1137 3620 1264 3678 tantum

213 3709 360 3780 alternus
381 3737 511 3782 carmen
526 3715 696 3798 'quoddam
718 3716 899 3801 tribuitur,
923 3713 976 3784 illi
1006 3719 1113 3804 potius
1142 3717 1263 3797 prinei-

211 3822 323 3900 patum
346 3818 585 3884 concedendum
608 3839 679 3882 esse
701 3811 881 3901 opinemur.
920 3815 1005 3883 Nam
1029 3819 1158 3882 etiamsi
1180 3817 1263 3878 dici·
1292 3809 1298 3817 ’
1336 3841 1341 3854 ·

192 3929 302 3998 mus,
327 3914 523 3984 Cinaetboni
553 3942 573 3982 a
593 3916 882 4000 Lacedaemoniis,
908 3915 1056 3983 Lescbae
1081 3941 1101 3982 a
1119 3916 1263 3998 Lesbiis,
1336 3929 1355 4010 Ἀ
1407 4007 1408 4014 ¹

212 4013 432 4108 Thestorides
452 4043 474 4084 a
497 4018 758 4087 Phocaeensibus
780 4019 916 4086 Iliadem
938 4043 1090 4102 paruam,
1117 4027 1173 4084 aut
1194 4019 1269 4082 Eu·-

141 4209 143 4216 Α
193 4118 350 4208 ¹'arelao
372 4119 572 4204 Corinthiis,
601 4121 704 4211 Agiae
733 4120 984 4216 a‘l'roczeniis,
1015 4121 1219 4207 Colophonio
1242 4141 1263 4184 a
1301 4189 1303 4194 ,
