2802 4734
330 403 333 408 '
378 375 467 454 'De
488 383 599 450 ecbola
565 353 794 508 IHcriodc’u.
956 352 960 368 .
1088 393 1128 457 re

103 548 187 637 inest,
207 575 266 637 qno
284 549 377 618 illius
390 555 554 633 opinionis
567 556 658 639 origo
675 501 780 635 possit
793 553 973 636 explicari,
995 513 1127 646 progre¹

102 655 231 722 diendum
253 663 302 720 est
319 653 458 735 ulterius
479 661 514 720 et
533 655 728 736 uidendum,
751 677 812 737 qno
832 657 963 722 tandem
972 669 1125 741 ternpore

100 743 254 822 Hesiddiae
275 763 383 820 sectae
394 750 511 846 prima
534 757 690 840 cogitatio
711 765 801 821 mota
822 760 866 823 sit
880 767 914 823 et
929 781 1010 840 quae
1026 762 1126 829 luerit
1240 760 1242 766 ’

101 861 156 922 eius
174 861 220 921 rei
240 879 364 922 caussa.
408 857 453 920 Et
472 859 591 920 mirum
612 855 760 936 proiecto
782 867 887 939 esset,
909 862 938 924 si
959 861 1036 926 talis
1052 855 1123 944 opi-

94 961 159 1038 nio,
192 959 344 1023 destituta
368 960 457 1032 omni
477 956 634 1021 historiae
664 945 874 1024 fundamento
904 967 937 1024 et
960 985 983 1046 e
1003 964 1124 1048 ⁴diner-

83 1080 187 1124 *sarum
206 1082 311 1124 rerum
334 1045 462 1132 curiosa
483 1060 740 1138 perscrutatione
764 1069 798 1125 et
819 1051 1124 1146 subtili'compara-

98 1163 170 1224 tione
196 1161 354 1240 eruenda,
391 1161 457 1222 iam
485 1161 528 1222 iis
554 1151 753 1240 temporibus
786 1163 971 1245 extitisset,
1008 1167 1124 1248 quibus

98 1263 337 1346 ingeniosissima
357 1257 418 1324 illa
438 1266 480 1326 et,
494 1257 613 1324 litteris
629 1261 914 1342 saepeutilissima
928 1269 1124 1334 coniiciendi
1226 1312 1233 1322 -
1289 1301 1301 1318 ι·

99 1371 123 1424 ct
138 1362 187 1427 uel
206 1363 376 1428 leuissima
397 1363 537 1445 uestigia
565 1359 623 1424 aut
650 1359 831 1430 luculenter
852 1362 1039 1431 illustrandi
1066 1377 1124 1434 aut

98 1463 248 1530 subtiliter
261 1463 478 1545 componendi
499 1483 552 1526 arr
573 1451 608 1526 et
628 1459 785 1544 facultas,¹
814 1454 876 1544 qna
897 1475 1009 1530 nostra
1033 1479 1123 1535 aetas

96 1572 121 1628 et
131 1566 241 1649 gaudet
257 1573 293 1630 et
306 1565 413 1644 floret,
431 1567 542 1628 ,minus
558 1561 693 1628 exculta
707 1572 778 1628 eret
795 1571 828 1628 et
840 1564 971 1630 usitate.
1008 1568 1123 1652 Neque

83 1667 223 1749 'iuuentus
239 1675 290 1731 est
305 1674 381 1730 ante
393 1661 574 1745 Wolfium,
598 1666 653 1745 qui
666 1663 750 1728 hauc
765 1666 806 1730 de
820 1665 941 1730 sobolis
956 1673 1121 1750 epicorum

94 1770 303 1850 cogitationem
319 1770 429 1832 animo
442 1779 501 1829 su'o
515 1767 707 1852 informaret
720 1773 754 1830 et
764 1750 874 1830 uerbis
887 1774 1121 1849 pronuntiaret.

92 1865 215 1932 Wolfiur
235 1891 319 1934 uero
344 1887 441 1954 quum
463 1867 505 1930 de
518 1853 665 1930 *historia
678 1865 816 1933 Homeri
830 1879 1019 1954 quaereret,
1046 1895 1124 1954 pro,-

92 1977 183 2047 pterea
209 1975 358 2036 maxime
391 1969 475 2052 quod
497 1960 533 2032 in
554 1967 658 2032 Iliade
677 1974 714 2030 et
737 1966 888 2057 Odyssea
909 1973 1122 2056 complurium
1165 2031 1166 2038 ,

90 2071 249 2136 carminum
270 2058 536 2154 complexionem
560 2089 735 2152 agnoscere
756 2071 820 2134 sibi
839 2071 1030 2156 uidebatur,
1052 2075 1122 2152 Ho-

91 2175 155 2237 nerl
174 2193 295 2264 nomen
324 2177 359 2238 in
387 2177 496 2234 sectae
530 2158 804 2254 significationem
835 2171 1023 2240 diluendum
1051 2199 1123 2245 esse
1184 2221 1195 2228 -
1302 2181 1304 2190 ’
1335 2151 1337 2160 ,

89 2277 195 2340 sunit.
234 2274 335 2352 ,Quae
357 2275 468 2355 opinio
500 2293 597 2353 quum
627 2273 725 2335 etiam
755 2271 903 2346 efemee
925 2275 966 2339 de
986 2268 1137 2360 Homeri·
1212 2301 1215 2307 ·
1242 2283 1246 2291 “

89 2379 195 2453 patriae
214 2379 380 2442 uarietate
409 2379 443 2438 et
471 2393 490 2434 e
512 2372 698 2438 carminum
728 2375 761 2436 ei
789 2373 1002 2456 adscriptorm
1029 2384 1123 2459 copia
1226 2391 1227 2398 ’

90 2485 116 2540 et
132 2499 148 2541 e
166 2480 365 2544 testimoniis
386 2454 578 2556 quibusdem
600 2473 640 2536 de
662 2471 799 2545 Homeri
814 2474 982 2557 discipulis
1000 2477 1124 2562 aliquid

89 2577 312 2656 probabilitatis
328 2557 475 2656 accipere
488 2574 672 2672 uideretor,
694 2581 786 2639 tauta
802 2597 874 2638 curn
890 2578 1123 2658 approbatione
1163 2585 1177 2612 ‘¹

33 2669 34 2684 ¹
89 2679 334 2786 doctissimorpm
348 2677 516 2742 hominurn
533 2657 674 2755 excepta
689 2683 756 2756 est,
779 2683 817 2740 ιιι
833 2699 928 2742 nemo
946 2679 986 2744 de
998 2681 1123 2747 Home-.

88 2781 160 2847 ricae
178 2781 290 2865 poesis
305 2787 422 2844 natura
436 2797 490 2864 rec
492 2776 684 2866 teiudicare
697 2768 903 2872 censeretur,
925 2783 990 2846 nisi
1007 2793 1123 2864 poetae
1162 2783 1164 2797 '

89 2903 187 2948 nomen
205 2905 266 2966 pro
292 2884 373 2946 artis
392 2877 556 2944 uocabulo
564 2875 745 2958 sacciperet.
790 2877 902 2961 Itaque
923 2883 1121 2966 factumest,
1166 2958 1169 2963 .

89 2991 117 3048 ιι
126 2983 215 3052 multi
228 2984 325 3058 illam
339 2983 536 3048 sententiam
549 2961 589 3044 de
599 2977 776 3042 Homerica
790 2979 903 3070 schola
916 2985 1010 3046 uario
1024 2986 1120 3048 modo

89 3091 270 3172 cremarent
295 3083 415 3150 etde
422 3089 531 3148 sectae
559 3079 690 3146 sedibus
720 3064 965 3164 rationibusque
994 3087 1121 3196 curiose
1181 3090 1187 3094 ’

90 3189 302 3374 qudedbb
291 3291 328 3352 iu
347 3285 493 3352 Homero
517 3289 666 3356 constitit
684 3284 946 3361 illudetudium3
982 3267 1122 3353 Hesiodi

89 3409 197 3473 quoque
227 3392 362 3458 nomine
392 3409 494 3474 genus
523 3379 657 3469 aliquod
684 3384 794 3468 poesis
821 3409 843 3450 a
871 3397 961 3452 secta
985 3390 1123 3470 quadarn
1213 3443 1220 3458 ι
1304 3428 1309 3450 ι

88 3591 135 3662 (1,ιῆ
153 3593 239 3657 ξεῖνον
255 3591 398 3664 παρεόντα
417 3591 515 3662 φιλεῖν,
536 3588 669 3659 ἐθέλοντα
689 3585 864 3658 direptorem)
883 3590 1024 3666 χᾳρακτήρ
1043 3595 1123 3646 multo

87 3677 155 3730 ιιιιιιι
170 3681 197 3732 iu
219 3681 415 3746 genealogicum
428 3693 532 3742 carmen
550 3677 630 3742 cudit,
650 3690 725 3744 quem
743 3680 770 3730 in
786 3679 929 3744 guerricum
946 3679 1002 3730 sino
1014 3679 1125 3730 didacti-

88 3776 134 3814 ιιιι
154 3781 248 3832 genus,
279 3767 355 3816 cuius
379 3764 529 3831 exempla'
521 3780 547 3816 ιιι
575 3756 706 3828 Operibus
729 3765 857 3830 permulto
880 3759 1063 3828 inueniuntur3
1088 3763 1123 3816 ci.

89 3851 181 3902 manue
198 3853 361 3904 sar-380.
380 3849 433 3902 705
452 3865 508 3918 sqq
545 3845 650 3914 Neque,
673 3849 741 3913 qnod
757 3845 932 3914 Go'etdingius
957 3850 1065 3900 credere
1083 3850 1124 3898 ui-

88 3929 158 4001 dcccc,
178 3938 210 3988 ad
225 3919 382 3990 Ἡσιόδειον
399 3932 560 4004 χαρακτῆρα
577 3933 716 3984 notandum
734 3949 797 4001 opus
813 3941 864 4001 est,
881 3941 910 3986 ut
923 3948 1017 3986 ocrem
1030 3932 1124 4000 aliquis

87 4017 203 4084 integer·
196 4039 224 4074 ιιι
247 4020 373 4076 Hesiodio
399 4019 512 4071 carmine
537 4019 656 4082 legatum
694 4033 777 4084 neque
799 4019 825 4071 id
843 3973 992 4088 algniflcere
1009 4019 1125 4072 uoluisse

91 4103 269 4172 wicbertum,
284 4123 319 4158 ex
336 4105 426 4178 uerbis
445 4103 496 4172 τῆς
516 4101 645 4175 φράσεως
664 4111 781 4170 apparet

775 4209 866 4268 qs
980 4229 981 4239 ι
