<?xml version="1.0" encoding="UTF-8"?>
<!DOCTYPE html PUBLIC "-//W3C//DTD XHTML 1.0 Transitional//EN"
    "http://www.w3.org/TR/xhtml1/DTD/xhtml1-transitional.dtd">
<html xmlns="http://www.w3.org/1999/xhtml" xml:lang="en" lang="en">
 <head>
  <title>
</title>
<meta http-equiv="Content-Type" content="text/html;charset=utf-8" />
  <meta name='ocr-system' content='tesseract 3.04.00' />
  <meta name='ocr-capabilities' content='ocr_page ocr_carea ocr_par ocr_line ocrx_word'/>
</head>
<body>
  <div class='ocr_page' id='page_1' title='image "./fragmenta00hesigoog_0296.png"; bbox 0 0 2798 4714; ppageno 0'>
   <div class='ocr_carea' id='block_1_1' title="bbox 409 246 1300 434">
    <p class='ocr_par' dir='ltr' id='par_1_1' title="bbox 409 246 1300 434">
     <span class='ocr_line' id='line_1_1' title="bbox 409 246 1300 434; baseline 0.003 -54.101"><span class='ocrx_word' id='word_1_1' title='bbox 409 309 496 381; x_wconf 79' lang='lat' dir='ltr'><strong>De</strong></span> <span class='ocrx_word' id='word_1_2' title='bbox 516 255 662 434; x_wconf 66' lang='lat' dir='ltr'><strong>edraim</strong></span> <span class='ocrx_word' id='word_1_3' title='bbox 682 307 884 400; x_wconf 69' lang='lat' dir='ltr'><strong>Naupacto.</strong></span> <span class='ocrx_word' id='word_1_4' title='bbox 1004 246 1017 316; x_wconf 25' lang='grc' dir='ltr'><strong>ι’</strong></span> <span class='ocrx_word' id='word_1_5' title='bbox 1098 280 1215 410; x_wconf 43' lang='lat'><strong>¹2⁸52*</strong></span> <span class='ocrx_word' id='word_1_6' title='bbox 1297 294 1300 310; x_wconf 74' lang='grc'><strong>’</strong></span> 
     </span>
    </p>
   </div>
   <div class='ocr_carea' id='block_1_2' title="bbox 129 414 1266 672">
    <p class='ocr_par' dir='ltr' id='par_1_2' title="bbox 129 414 1266 672">
     <span class='ocr_line' id='line_1_2' title="bbox 131 414 1266 568; baseline 0.004 -18"><span class='ocrx_word' id='word_1_7' title='bbox 131 489 257 566; x_wconf 87' lang='lat' dir='ltr'><strong>mento,</strong></span> <span class='ocrx_word' id='word_1_8' title='bbox 272 480 366 551; x_wconf 82' lang='lat' dir='ltr'><strong>seda</strong></span> <span class='ocrx_word' id='word_1_9' title='bbox 382 481 490 566; x_wconf 79' lang='lat' dir='ltr'><strong>putria</strong></span> <span class='ocrx_word' id='word_1_10' title='bbox 503 414 676 550; x_wconf 85' lang='lat' dir='ltr'><strong>deductum</strong></span> <span class='ocrx_word' id='word_1_11' title='bbox 691 487 774 566; x_wconf 83' lang='lat' dir='ltr'><strong>erat,</strong></span> <span class='ocrx_word' id='word_1_12' title='bbox 788 489 827 550; x_wconf 88' lang='lat' dir='ltr'><strong>ut</strong></span> <span class='ocrx_word' id='word_1_13' title='bbox 842 503 861 548; x_wconf 91' lang='lat' dir='ltr'><strong>e</strong></span> <span class='ocrx_word' id='word_1_14' title='bbox 875 425 1067 568; x_wconf 73' lang='lat' dir='ltr'><strong>Pausaniae</strong></span> <span class='ocrx_word' id='word_1_15' title='bbox 1074 485 1185 556; x_wconf 80' lang='lat' dir='ltr'><strong>uerbis</strong></span> <span class='ocrx_word' id='word_1_16' title='bbox 1208 451 1211 458; x_wconf 24' lang='grc' dir='ltr'>Ι</span> <span class='ocrx_word' id='word_1_17' title='bbox 1264 503 1266 517; x_wconf 80' lang='grc'><em>“</em></span> 
     </span>
     <span class='ocr_line' id='line_1_3' title="bbox 129 580 1217 672; baseline 0.008 -23"><span class='ocrx_word' id='word_1_18' title='bbox 129 583 348 670; x_wconf 77' lang='lat' dir='ltr'><strong>intelligitur,</strong></span> <span class='ocrx_word' id='word_1_19' title='bbox 376 580 599 652; x_wconf 81' lang='grc' dir='ltr'>Ναααᾶκιια”</span> <span class='ocrx_word' id='word_1_20' title='bbox 578 610 636 670; x_wconf 73' lang='lat' dir='ltr'><strong>unq</strong></span> <span class='ocrx_word' id='word_1_21' title='bbox 657 606 771 650; x_wconf 88' lang='lat' dir='ltr'><strong>uerum</strong></span> <span class='ocrx_word' id='word_1_22' title='bbox 783 606 903 652; x_wconf 92' lang='lat' dir='ltr'><strong>nomen</strong></span> <span class='ocrx_word' id='word_1_23' title='bbox 917 585 1020 651; x_wconf 87' lang='lat' dir='ltr'><strong>fuisse</strong></span> <span class='ocrx_word' id='word_1_24' title='bbox 1038 597 1184 672; x_wconf 83' lang='lat' dir='ltr'><strong>apparot.</strong></span> <span class='ocrx_word' id='word_1_25' title='bbox 1209 601 1217 612; x_wconf 62' lang='lat'>⁸</span> 
     </span>
    </p>
   </div>
   <div class='ocr_carea' id='block_1_3' title="bbox 127 683 1304 789">
    <p class='ocr_par' dir='ltr' id='par_1_3' title="bbox 127 683 1304 789">
     <span class='ocr_line' id='line_1_4' title="bbox 127 683 1304 789; baseline 0.006 -37"><span class='ocrx_word' id='word_1_26' title='bbox 127 683 264 752; x_wconf 61' lang='lat' dir='ltr'><strong>Namf&#39;</strong></span> <span class='ocrx_word' id='word_1_27' title='bbox 229 709 285 789; x_wconf 46' lang='lat' dir='ltr'><strong>qr,</strong></span> <span class='ocrx_word' id='word_1_28' title='bbox 315 689 372 770; x_wconf 88' lang='lat' dir='ltr'><strong>qui</strong></span> <span class='ocrx_word' id='word_1_29' title='bbox 393 685 600 754; x_wconf 77' lang='lat' dir='ltr'><strong>Noouoxuxd</strong></span> <span class='ocrx_word' id='word_1_30' title='bbox 622 687 762 758; x_wconf 88' lang='lat' dir='ltr'><strong>formam</strong></span> <span class='ocrx_word' id='word_1_31' title='bbox 782 683 920 769; x_wconf 89' lang='lat' dir='ltr'><strong>babent,</strong></span> <span class='ocrx_word' id='word_1_32' title='bbox 942 709 1105 771; x_wconf 90' lang='lat' dir='ltr'><strong>nunquam</strong></span> <span class='ocrx_word' id='word_1_33' title='bbox 1122 691 1182 780; x_wconf 68' lang='grc' dir='ltr'><strong>ἔπη</strong></span> <span class='ocrx_word' id='word_1_34' title='bbox 1303 717 1304 732; x_wconf 59' lang='grc'>’</span> 
     </span>
    </p>
   </div>
   <div class='ocr_carea' id='block_1_4' title="bbox 125 786 1182 870">
    <p class='ocr_par' dir='ltr' id='par_1_4' title="bbox 125 786 1182 870">
     <span class='ocr_line' id='line_1_5' title="bbox 125 786 1182 870; baseline 0.007 -16"><span class='ocrx_word' id='word_1_35' title='bbox 125 787 272 863; x_wconf 81' lang='lat' dir='ltr'><strong>addunt3</strong></span> <span class='ocrx_word' id='word_1_36' title='bbox 300 789 481 855; x_wconf 72' lang='lat' dir='ltr'><strong>Pausanias</strong></span> <span class='ocrx_word' id='word_1_37' title='bbox 503 795 615 857; x_wconf 85' lang='lat' dir='ltr'><strong>autern</strong></span> <span class='ocrx_word' id='word_1_38' title='bbox 634 809 797 870; x_wconf 90' lang='lat' dir='ltr'><strong>nunquam</strong></span> <span class='ocrx_word' id='word_1_39' title='bbox 817 786 859 852; x_wconf 79' lang='lat' dir='ltr'><strong>cd</strong></span> <span class='ocrx_word' id='word_1_40' title='bbox 880 790 1069 860; x_wconf 78' lang='grc' dir='ltr'><strong>Ναυπάκτια</strong></span> <span class='ocrx_word' id='word_1_41' title='bbox 1090 797 1182 861; x_wconf 81' lang='lat' dir='ltr'><strong>citat.</strong></span> 
     </span>
    </p>
   </div>
   <div class='ocr_carea' id='block_1_5' title="bbox 123 863 1367 1086">
    <p class='ocr_par' dir='ltr' id='par_1_5' title="bbox 123 863 1367 1066">
     <span class='ocr_line' id='line_1_6' title="bbox 125 863 1367 977; baseline 0.007 -21"><span class='ocrx_word' id='word_1_42' title='bbox 125 887 229 966; x_wconf 83' lang='lat' dir='ltr'><strong>Quod</strong></span> <span class='ocrx_word' id='word_1_43' title='bbox 254 893 284 956; x_wconf 90' lang='lat' dir='ltr'><strong>si</strong></span> <span class='ocrx_word' id='word_1_44' title='bbox 306 899 511 975; x_wconf 80' lang='lat' dir='ltr'><strong>reputamus,</strong></span> <span class='ocrx_word' id='word_1_45' title='bbox 550 912 659 956; x_wconf 88' lang='lat' dir='ltr'><strong>errare</strong></span> <span class='ocrx_word' id='word_1_46' title='bbox 684 885 924 976; x_wconf 83' lang='lat' dir='ltr'><strong>intelligemus,</strong></span> <span class='ocrx_word' id='word_1_47' title='bbox 961 895 991 957; x_wconf 88' lang='lat' dir='ltr'><strong>si</strong></span> <span class='ocrx_word' id='word_1_48' title='bbox 1020 897 1092 977; x_wconf 88' lang='lat' dir='ltr'><strong>quis</strong></span> <span class='ocrx_word' id='word_1_49' title='bbox 1112 895 1183 964; x_wconf 86' lang='lat' dir='ltr'><strong>illis</strong></span> <span class='ocrx_word' id='word_1_50' title='bbox 1299 897 1303 906; x_wconf 71' lang='grc'><em>’</em></span> <span class='ocrx_word' id='word_1_51' title='bbox 1355 863 1367 878; x_wconf 23' lang='lat'><strong>¹*</strong></span> 
     </span>
     <span class='ocr_line' id='line_1_7' title="bbox 123 981 1293 1086; baseline 0.009 -30"><span class='ocrx_word' id='word_1_52' title='bbox 123 989 171 1056; x_wconf 79' lang='grc' dir='ltr'><strong>τὰ</strong></span> <span class='ocrx_word' id='word_1_53' title='bbox 198 987 386 1082; x_wconf 77' lang='grc' dir='ltr'><strong><em>Ναυπάκτια</em></strong></span> <span class='ocrx_word' id='word_1_54' title='bbox 411 995 586 1060; x_wconf 84' lang='lat' dir='ltr'><strong>restituere</strong></span> <span class='ocrx_word' id='word_1_55' title='bbox 612 991 726 1060; x_wconf 87' lang='lat' dir='ltr'><strong>uellet.</strong></span> <span class='ocrx_word' id='word_1_56' title='bbox 768 989 854 1058; x_wconf 89' lang='lat' dir='ltr'><strong>Nam</strong></span> <span class='ocrx_word' id='word_1_57' title='bbox 880 1015 947 1058; x_wconf 94' lang='lat' dir='ltr'><strong>non</strong></span> <span class='ocrx_word' id='word_1_58' title='bbox 973 981 1183 1086; x_wconf 86' lang='lat' dir='ltr'><strong>librariorum</strong></span> <span class='ocrx_word' id='word_1_59' title='bbox 1290 1029 1293 1042; x_wconf 87' lang='lat'><em>·</em></span> 
     </span>
    </p>
   </div>
   <div class='ocr_carea' id='block_1_6' title="bbox 120 1070 1255 1489">
    <p class='ocr_par' dir='ltr' id='par_1_6' title="bbox 120 1070 1255 1489">
     <span class='ocr_line' id='line_1_8' title="bbox 124 1070 1255 1181; baseline 0.009 -24"><span class='ocrx_word' id='word_1_60' title='bbox 124 1090 265 1176; x_wconf 88' lang='lat' dir='ltr'><strong>cnlpae,</strong></span> <span class='ocrx_word' id='word_1_61' title='bbox 294 1070 353 1158; x_wconf 85' lang='lat' dir='ltr'><strong>sed</strong></span> <span class='ocrx_word' id='word_1_62' title='bbox 372 1096 566 1176; x_wconf 87' lang='lat' dir='ltr'><strong>scriptorum</strong></span> <span class='ocrx_word' id='word_1_63' title='bbox 587 1095 786 1181; x_wconf 82' lang='lat' dir='ltr'><strong>ignorationi</strong></span> <span class='ocrx_word' id='word_1_64' title='bbox 807 1093 945 1160; x_wconf 89' lang='lat' dir='ltr'><strong>alteram</strong></span> <span class='ocrx_word' id='word_1_65' title='bbox 964 1097 1104 1165; x_wconf 87' lang='lat' dir='ltr'><strong>formam</strong></span> <span class='ocrx_word' id='word_1_66' title='bbox 1125 1081 1184 1166; x_wconf 84' lang='lat' dir='ltr'><strong>de·</strong></span> <span class='ocrx_word' id='word_1_67' title='bbox 1253 1136 1255 1144; x_wconf 39' lang='grc' dir='ltr'><em>ν</em></span> 
     </span>
     <span class='ocr_line' id='line_1_9' title="bbox 123 1189 1184 1292; baseline 0.009 -32"><span class='ocrx_word' id='word_1_68' title='bbox 123 1193 219 1278; x_wconf 90' lang='lat' dir='ltr'><strong>beri,</strong></span> <span class='ocrx_word' id='word_1_69' title='bbox 250 1199 406 1262; x_wconf 85' lang='lat' dir='ltr'><strong>omissum</strong></span> <span class='ocrx_word' id='word_1_70' title='bbox 426 1195 546 1278; x_wconf 78' lang='lat' dir='ltr'><strong>illud’&#39;</strong></span> <span class='ocrx_word' id='word_1_71' title='bbox 525 1221 582 1292; x_wconf 61' lang='lat' dir='ltr'><strong>any</strong></span> <span class='ocrx_word' id='word_1_72' title='bbox 589 1189 799 1274; x_wconf 83' lang='lat' dir='ltr'><strong>uocabulum</strong></span> <span class='ocrx_word' id='word_1_73' title='bbox 815 1198 947 1263; x_wconf 87' lang='lat' dir='ltr'><strong>docet.</strong></span> <span class='ocrx_word' id='word_1_74' title='bbox 964 1196 1078 1285; x_wconf 81' lang='lat' dir='ltr'>Neque</span> <span class='ocrx_word' id='word_1_75' title='bbox 1095 1205 1184 1270; x_wconf 90' lang='lat' dir='ltr'><strong>enim</strong></span> 
     </span>
     <span class='ocr_line' id='line_1_10' title="bbox 120 1282 1183 1390; baseline 0.007 -28"><span class='ocrx_word' id='word_1_76' title='bbox 120 1321 168 1362; x_wconf 81' lang='grc' dir='ltr'><strong>τα</strong></span> <span class='ocrx_word' id='word_1_77' title='bbox 151 1282 371 1364; x_wconf 69' lang='grc' dir='ltr'>’Ναυπάκτια</span> <span class='ocrx_word' id='word_1_78' title='bbox 394 1299 597 1386; x_wconf 89' lang='lat' dir='ltr'><strong>(quanquam</strong></span> <span class='ocrx_word' id='word_1_79' title='bbox 612 1293 816 1382; x_wconf 81' lang='lat' dir='ltr'><strong>Bernhardy.</strong></span> <span class='ocrx_word' id='word_1_80' title='bbox 838 1322 871 1381; x_wconf 87' lang='lat' dir='ltr'><strong>p.</strong></span> <span class='ocrx_word' id='word_1_81' title='bbox 884 1305 952 1366; x_wconf 76' lang='lat'><strong>259</strong></span> <span class='ocrx_word' id='word_1_82' title='bbox 973 1304 1021 1366; x_wconf 85' lang='lat' dir='ltr'><strong>sie</strong></span> <span class='ocrx_word' id='word_1_83' title='bbox 1042 1291 1183 1390; x_wconf 89' lang='lat' dir='ltr'><strong>scribit),</strong></span> 
     </span>
     <span class='ocr_line' id='line_1_11' title="bbox 122 1397 1182 1489; baseline 0.008 -25"><span class='ocrx_word' id='word_1_84' title='bbox 122 1419 233 1487; x_wconf 84' lang='lat' dir='ltr'><strong>neque</strong></span> <span class='ocrx_word' id='word_1_85' title='bbox 254 1397 296 1464; x_wconf 77' lang='grc' dir='ltr'><strong>τὰ</strong></span> <span class='ocrx_word' id='word_1_86' title='bbox 317 1399 567 1468; x_wconf 77' lang='lat' dir='ltr'><strong>Nounoartad’&#39;</strong></span> <span class='ocrx_word' id='word_1_87' title='bbox 546 1425 603 1486; x_wconf 82' lang='grc' dir='ltr'><strong>εαη</strong></span> <span class='ocrx_word' id='word_1_88' title='bbox 624 1408 712 1468; x_wconf 87' lang='lat' dir='ltr'><strong>recte</strong></span> <span class='ocrx_word' id='word_1_89' title='bbox 735 1401 864 1486; x_wconf 82' lang='lat' dir='ltr'><strong>dicitur.</strong></span> <span class='ocrx_word' id='word_1_90' title='bbox 909 1397 1005 1483; x_wconf 83' lang='lat' dir='ltr'><strong>Quod</strong></span> <span class='ocrx_word' id='word_1_91' title='bbox 1026 1411 1064 1468; x_wconf 89' lang='lat' dir='ltr'><strong>ut</strong></span> <span class='ocrx_word' id='word_1_92' title='bbox 1080 1427 1182 1489; x_wconf 91' lang='lat' dir='ltr'><strong>appa-</strong></span> 
     </span>
    </p>
   </div>
   <div class='ocr_carea' id='block_1_7' title="bbox 119 1498 1336 1598">
    <p class='ocr_par' dir='ltr' id='par_1_7' title="bbox 119 1498 1336 1598">
     <span class='ocr_line' id='line_1_12' title="bbox 119 1498 1336 1598; baseline 0.013 -34"><span class='ocrx_word' id='word_1_93' title='bbox 119 1506 218 1581; x_wconf 89' lang='lat' dir='ltr'><strong>reat,</strong></span> <span class='ocrx_word' id='word_1_94' title='bbox 247 1498 391 1580; x_wconf 84' lang='lat' dir='ltr'><strong>breuiter</strong></span> <span class='ocrx_word' id='word_1_95' title='bbox 405 1504 447 1570; x_wconf 87' lang='lat' dir='ltr'><strong>de</strong></span> <span class='ocrx_word' id='word_1_96' title='bbox 462 1505 630 1585; x_wconf 89' lang='lat' dir='ltr'><strong>utriusque</strong></span> <span class='ocrx_word' id='word_1_97' title='bbox 645 1503 887 1590; x_wconf 75' lang='lat' dir='ltr'><strong>terminationis</strong></span> <span class='ocrx_word' id='word_1_98' title='bbox 908 1503 1096 1590; x_wconf 84' lang='lat' dir='ltr'><strong>significatu</strong></span> <span class='ocrx_word' id='word_1_99' title='bbox 1117 1529 1181 1574; x_wconf 84' lang='lat' dir='ltr'><strong>ex·</strong></span> <span class='ocrx_word' id='word_1_100' title='bbox 1264 1587 1270 1598; x_wconf 43' lang='grc'><em>,</em></span> <span class='ocrx_word' id='word_1_101' title='bbox 1333 1548 1336 1556; x_wconf 89' lang='grc'><em>·</em></span> 
     </span>
    </p>
   </div>
   <div class='ocr_carea' id='block_1_8' title="bbox 119 1600 1183 1694">
    <p class='ocr_par' dir='ltr' id='par_1_8' title="bbox 119 1600 1183 1694">
     <span class='ocr_line' id='line_1_13' title="bbox 119 1600 1183 1694; baseline 0.008 -30"><span class='ocrx_word' id='word_1_102' title='bbox 119 1600 312 1684; x_wconf 87' lang='lat' dir='ltr'><strong>ponendum</strong></span> <span class='ocrx_word' id='word_1_103' title='bbox 334 1612 395 1671; x_wconf 87' lang='lat' dir='ltr'><strong>est.</strong></span> <span class='ocrx_word' id='word_1_104' title='bbox 439 1603 660 1694; x_wconf 72' lang='grc' dir='ltr'>Νααπακτικός</span> <span class='ocrx_word' id='word_1_105' title='bbox 681 1605 722 1668; x_wconf 90' lang='lat' dir='ltr'><strong>de</strong></span> <span class='ocrx_word' id='word_1_106' title='bbox 744 1606 787 1668; x_wconf 87' lang='lat' dir='ltr'><strong>iis</strong></span> <span class='ocrx_word' id='word_1_107' title='bbox 805 1602 905 1668; x_wconf 85' lang='lat' dir='ltr'><strong>rebus</strong></span> <span class='ocrx_word' id='word_1_108' title='bbox 924 1603 1007 1686; x_wconf 85' lang='lat' dir='ltr'><strong>dici,</strong></span> <span class='ocrx_word' id='word_1_109' title='bbox 1036 1628 1118 1689; x_wconf 91' lang='lat' dir='ltr'><strong>quae</strong></span> <span class='ocrx_word' id='word_1_110' title='bbox 1138 1608 1183 1674; x_wconf 83' lang='lat' dir='ltr'><strong>ad</strong></span> 
     </span>
    </p>
   </div>
   <div class='ocr_carea' id='block_1_9' title="bbox 118 1701 1312 1790">
    <p class='ocr_par' dir='ltr' id='par_1_9' title="bbox 118 1701 1312 1790">
     <span class='ocr_line' id='line_1_14' title="bbox 118 1701 1312 1790; baseline 0.008 -23"><span class='ocrx_word' id='word_1_111' title='bbox 118 1701 240 1768; x_wconf 88' lang='lat' dir='ltr'><strong>urbem</strong></span> <span class='ocrx_word' id='word_1_112' title='bbox 259 1702 464 1787; x_wconf 81' lang='lat' dir='ltr'><strong>Naupactum</strong></span> <span class='ocrx_word' id='word_1_113' title='bbox 484 1713 655 1790; x_wconf 87' lang='lat' dir='ltr'><strong>spectant,</strong></span> <span class='ocrx_word' id='word_1_114' title='bbox 685 1703 863 1770; x_wconf 90' lang='lat' dir='ltr'><strong>multorum</strong></span> <span class='ocrx_word' id='word_1_115' title='bbox 885 1705 980 1771; x_wconf 92' lang='lat' dir='ltr'><strong>docet</strong></span> <span class='ocrx_word' id='word_1_116' title='bbox 1001 1707 1182 1774; x_wconf 88' lang='lat' dir='ltr'><strong>uocabulo-</strong></span> <span class='ocrx_word' id='word_1_117' title='bbox 1201 1741 1206 1750; x_wconf 83' lang='lat'><em>·</em></span> <span class='ocrx_word' id='word_1_118' title='bbox 1283 1745 1285 1756; x_wconf 72' lang='lat'><em>=</em></span> <span class='ocrx_word' id='word_1_119' title='bbox 1309 1783 1312 1790; x_wconf 52' lang='grc'><strong>,</strong></span> 
     </span>
    </p>
   </div>
   <div class='ocr_carea' id='block_1_10' title="bbox 116 1805 1181 1903">
    <p class='ocr_par' dir='ltr' id='par_1_10' title="bbox 116 1805 1181 1903">
     <span class='ocr_line' id='line_1_15' title="bbox 116 1805 1181 1903; baseline 0.005 -33"><span class='ocrx_word' id='word_1_120' title='bbox 116 1827 196 1870; x_wconf 88' lang='grc' dir='ltr'>ιιιιιι</span> <span class='ocrx_word' id='word_1_121' title='bbox 223 1805 432 1903; x_wconf 70' lang='lat' dir='ltr'><strong>similitudo„</strong></span> <span class='ocrx_word' id='word_1_122' title='bbox 475 1830 577 1892; x_wconf 52' lang='lat' dir='ltr'><strong>quas,</strong></span> <span class='ocrx_word' id='word_1_123' title='bbox 597 1808 639 1873; x_wconf 90' lang='lat' dir='ltr'><strong>ad</strong></span> <span class='ocrx_word' id='word_1_124' title='bbox 674 1805 832 1872; x_wconf 88' lang='lat' dir='ltr'><strong>librorum</strong></span> <span class='ocrx_word' id='word_1_125' title='bbox 866 1808 1096 1890; x_wconf 76' lang='lat' dir='ltr'><strong>inscriptiones</strong></span> <span class='ocrx_word' id='word_1_126' title='bbox 1131 1812 1181 1876; x_wconf 87' lang='lat' dir='ltr'><strong>itu</strong></span> 
     </span>
    </p>
   </div>
   <div class='ocr_carea' id='block_1_11' title="bbox 74 1906 1179 2004">
    <p class='ocr_par' dir='ltr' id='par_1_11' title="bbox 74 1885 1337 2004">
     <span class='ocr_line' id='line_1_16' title="bbox 74 1906 1179 2004; baseline -0.006 -22"><span class='ocrx_word' id='word_1_127' title='bbox 74 1959 80 1982; x_wconf 49' lang='grc' dir='ltr'><strong>ι</strong></span> <span class='ocrx_word' id='word_1_128' title='bbox 118 1906 274 2004; x_wconf 87' lang='lat' dir='ltr'><strong>adhibita</strong></span> <span class='ocrx_word' id='word_1_129' title='bbox 295 1915 389 1992; x_wconf 87' lang='lat' dir='ltr'><strong>sunt,</strong></span> <span class='ocrx_word' id='word_1_130' title='bbox 405 1916 456 1988; x_wconf 67' lang='lat' dir='ltr'><strong>„ut</strong></span> <span class='ocrx_word' id='word_1_131' title='bbox 476 1910 640 1976; x_wconf 87' lang='lat' dir='ltr'><strong>adiectiua</strong></span> <span class='ocrx_word' id='word_1_132' title='bbox 654 1913 690 1976; x_wconf 96' lang='lat' dir='ltr'><strong>in</strong></span> <span class='ocrx_word' id='word_1_133' title='bbox 711 1906 805 1975; x_wconf 80' lang='grc' dir='ltr'><strong>-ικᾶ</strong></span> <span class='ocrx_word' id='word_1_134' title='bbox 825 1907 882 1974; x_wconf 85' lang='lat' dir='ltr'><strong>uel</strong></span> <span class='ocrx_word' id='word_1_135' title='bbox 900 1909 1016 1976; x_wconf 78' lang='grc' dir='ltr'>-ιαιᾶ</span> <span class='ocrx_word' id='word_1_136' title='bbox 1037 1914 1179 1979; x_wconf 83' lang='lat' dir='ltr'><strong>tessine</strong></span> 
     </span>
    </p>
   </div>
   <div class='ocr_carea' id='block_1_12' title="bbox 56 2009 1181 2407">
    <p class='ocr_par' dir='ltr' id='par_1_12' title="bbox 56 2009 1181 2407">
     <span class='ocr_line' id='line_1_17' title="bbox 56 2009 1180 2098; baseline 0.004 -22"><span class='ocrx_word' id='word_1_137' title='bbox 56 2030 58 2036; x_wconf 73' lang='grc'>’</span> <span class='ocrx_word' id='word_1_138' title='bbox 119 2009 280 2076; x_wconf 86' lang='lat' dir='ltr'><strong>historias</strong></span> <span class='ocrx_word' id='word_1_139' title='bbox 295 2032 407 2076; x_wconf 82' lang='lat' dir='ltr'><strong>earum</strong></span> <span class='ocrx_word' id='word_1_140' title='bbox 421 2009 551 2077; x_wconf 86' lang='lat' dir='ltr'><strong>urbium</strong></span> <span class='ocrx_word' id='word_1_141' title='bbox 564 2019 623 2079; x_wconf 93' lang='lat' dir='ltr'><strong>aut</strong></span> <span class='ocrx_word' id='word_1_142' title='bbox 635 2014 781 2098; x_wconf 80' lang='lat' dir='ltr'><strong>gentium</strong></span> <span class='ocrx_word' id='word_1_143' title='bbox 797 2011 986 2096; x_wconf 81' lang='lat' dir='ltr'><strong>designent,</strong></span> <span class='ocrx_word' id='word_1_144' title='bbox 1007 2035 1027 2076; x_wconf 89' lang='lat' dir='ltr'><strong>a</strong></span> <span class='ocrx_word' id='word_1_145' title='bbox 1043 2033 1180 2095; x_wconf 88' lang='lat' dir='ltr'><strong>quarum</strong></span> 
     </span>
     <span class='ocr_line' id='line_1_18' title="bbox 121 2111 1179 2197; baseline 0.002 -19"><span class='ocrx_word' id='word_1_146' title='bbox 121 2111 313 2178; x_wconf 86' lang='lat' dir='ltr'><strong>nominibus</strong></span> <span class='ocrx_word' id='word_1_147' title='bbox 335 2114 483 2180; x_wconf 88' lang='lat' dir='ltr'><strong>derinata</strong></span> <span class='ocrx_word' id='word_1_148' title='bbox 504 2122 590 2180; x_wconf 86' lang='lat' dir='ltr'><strong>sunt.</strong></span> <span class='ocrx_word' id='word_1_149' title='bbox 633 2114 707 2180; x_wconf 87' lang='lat' dir='ltr'><strong>Huc</strong></span> <span class='ocrx_word' id='word_1_150' title='bbox 729 2116 894 2196; x_wconf 80' lang='lat' dir='ltr'><strong>pertinent</strong></span> <span class='ocrx_word' id='word_1_151' title='bbox 914 2111 1005 2180; x_wconf 84' lang='lat' dir='ltr'><strong>tituli</strong></span> <span class='ocrx_word' id='word_1_152' title='bbox 1019 2113 1179 2197; x_wconf 87' lang='lat' dir='ltr'><strong>plerique,</strong></span> 
     </span>
     <span class='ocr_line' id='line_1_19' title="bbox 122 2204 1180 2300; baseline 0 -20"><span class='ocrx_word' id='word_1_153' title='bbox 122 2214 245 2300; x_wconf 91' lang='lat' dir='ltr'><strong>quibus</strong></span> <span class='ocrx_word' id='word_1_154' title='bbox 272 2217 492 2297; x_wconf 86' lang='lat' dir='ltr'><strong>antiquissimi</strong></span> <span class='ocrx_word' id='word_1_155' title='bbox 519 2204 670 2282; x_wconf 85' lang='lat' dir='ltr'><strong>historici</strong></span> <span class='ocrx_word' id='word_1_156' title='bbox 697 2213 801 2280; x_wconf 86' lang='lat' dir='ltr'><strong>libros</strong></span> <span class='ocrx_word' id='word_1_157' title='bbox 828 2234 905 2280; x_wconf 87' lang='lat' dir='ltr'><strong>suos</strong></span> <span class='ocrx_word' id='word_1_158' title='bbox 930 2217 1180 2299; x_wconf 89' lang='lat' dir='ltr'><strong>inscripserunt,</strong></span> 
     </span>
     <span class='ocr_line' id='line_1_20' title="bbox 121 2313 1181 2407; baseline 0 -23"><span class='ocrx_word' id='word_1_159' title='bbox 121 2315 234 2387; x_wconf 79' lang='lat' dir='ltr'><strong>ueluti</strong></span> <span class='ocrx_word' id='word_1_160' title='bbox 246 2315 405 2404; x_wconf 79' lang='grc' dir='ltr'><strong><em>Περσίκά,</em></strong></span> <span class='ocrx_word' id='word_1_161' title='bbox 427 2315 579 2407; x_wconf 58' lang='grc' dir='ltr'>ιΊῗρωικιὶ,</span> <span class='ocrx_word' id='word_1_162' title='bbox 603 2314 757 2382; x_wconf 66' lang='lat' dir='ltr'><strong>Raevant</strong></span> <span class='ocrx_word' id='word_1_163' title='bbox 767 2363 777 2398; x_wconf 92' lang='lat'><strong>,</strong></span> <span class='ocrx_word' id='word_1_164' title='bbox 795 2313 975 2402; x_wconf 70' lang='grc' dir='ltr'>Ἅργολιιιά,</span> <span class='ocrx_word' id='word_1_165' title='bbox 994 2315 1181 2384; x_wconf 74' lang='grc' dir='ltr'>Λακωνικά.</span> 
     </span>
    </p>
   </div>
   <div class='ocr_carea' id='block_1_13' title="bbox 9 2415 1180 2500">
    <p class='ocr_par' dir='ltr' id='par_1_13' title="bbox 9 2415 1180 2500">
     <span class='ocr_line' id='line_1_21' title="bbox 9 2415 1180 2500; baseline 0.001 -16"><span class='ocrx_word' id='word_1_166' title='bbox 9 2429 20 2444; x_wconf 85' lang='lat'><em>&#39;</em></span> <span class='ocrx_word' id='word_1_167' title='bbox 90 2430 93 2435; x_wconf 76' lang='grc'><em>’</em></span> <span class='ocrx_word' id='word_1_168' title='bbox 120 2417 180 2484; x_wconf 86' lang='lat' dir='ltr'><strong>Ad</strong></span> <span class='ocrx_word' id='word_1_169' title='bbox 201 2415 318 2484; x_wconf 88' lang='lat' dir='ltr'><strong>horum</strong></span> <span class='ocrx_word' id='word_1_170' title='bbox 339 2415 588 2484; x_wconf 88' lang='lat' dir='ltr'><strong>similitudinem</strong></span> <span class='ocrx_word' id='word_1_171' title='bbox 609 2425 758 2484; x_wconf 86' lang='lat' dir='ltr'><strong>auctores</strong></span> <span class='ocrx_word' id='word_1_172' title='bbox 780 2416 856 2500; x_wconf 85' lang='lat' dir='ltr'><strong>issi,</strong></span> <span class='ocrx_word' id='word_1_173' title='bbox 895 2421 950 2500; x_wconf 93' lang='lat' dir='ltr'><strong>qui</strong></span> <span class='ocrx_word' id='word_1_174' title='bbox 970 2415 1180 2486; x_wconf 77' lang='grc' dir='ltr'>Νααιιαιιιικᾶ</span> 
     </span>
    </p>
   </div>
   <div class='ocr_carea' id='block_1_14' title="bbox 117 2512 1230 2910">
    <p class='ocr_par' dir='ltr' id='par_1_14' title="bbox 117 2512 1230 2910">
     <span class='ocr_line' id='line_1_22' title="bbox 120 2512 1230 2604; baseline 0 -18"><span class='ocrx_word' id='word_1_175' title='bbox 120 2512 302 2601; x_wconf 82' lang='lat' dir='ltr'><strong>scripsere,</strong></span> <span class='ocrx_word' id='word_1_176' title='bbox 339 2539 437 2602; x_wconf 89' lang='lat' dir='ltr'><strong>quum</strong></span> <span class='ocrx_word' id='word_1_177' title='bbox 465 2519 543 2603; x_wconf 89' lang='lat' dir='ltr'><strong>quid</strong></span> <span class='ocrx_word' id='word_1_178' title='bbox 570 2519 627 2604; x_wconf 73' lang='grc' dir='ltr'><strong>ἴαη</strong></span> <span class='ocrx_word' id='word_1_179' title='bbox 655 2518 845 2585; x_wconf 79' lang='grc' dir='ltr'>Ναυπάκτια</span> <span class='ocrx_word' id='word_1_180' title='bbox 875 2519 938 2584; x_wconf 91' lang='lat' dir='ltr'><strong>sibi</strong></span> <span class='ocrx_word' id='word_1_181' title='bbox 965 2516 1092 2586; x_wconf 89' lang='lat' dir='ltr'><strong>uellent</strong></span> <span class='ocrx_word' id='word_1_182' title='bbox 1112 2539 1181 2587; x_wconf 89' lang='lat' dir='ltr'><strong>non</strong></span> <span class='ocrx_word' id='word_1_183' title='bbox 1225 2589 1230 2594; x_wconf 69' lang='grc'><strong>,</strong></span> 
     </span>
     <span class='ocr_line' id='line_1_23' title="bbox 118 2613 1179 2710; baseline 0 -22"><span class='ocrx_word' id='word_1_184' title='bbox 118 2622 365 2704; x_wconf 80' lang='lat' dir='ltr'><strong>perspicerent,</strong></span> <span class='ocrx_word' id='word_1_185' title='bbox 386 2619 450 2687; x_wconf 90' lang='lat' dir='ltr'><strong>boc</strong></span> <span class='ocrx_word' id='word_1_186' title='bbox 472 2642 591 2687; x_wconf 86' lang='lat' dir='ltr'><strong>nomen</strong></span> <span class='ocrx_word' id='word_1_187' title='bbox 613 2613 885 2710; x_wconf 82' lang='lat' dir='ltr'><strong>immutauerunt,</strong></span> <span class='ocrx_word' id='word_1_188' title='bbox 907 2623 955 2686; x_wconf 87' lang='lat' dir='ltr'><strong>ita</strong></span> <span class='ocrx_word' id='word_1_189' title='bbox 967 2627 1006 2686; x_wconf 88' lang='lat' dir='ltr'><strong>nt</strong></span> <span class='ocrx_word' id='word_1_190' title='bbox 1016 2636 1070 2684; x_wconf 88' lang='lat' dir='ltr'><strong>res</strong></span> <span class='ocrx_word' id='word_1_191' title='bbox 1084 2617 1179 2688; x_wconf 82' lang='lat' dir='ltr'><strong>Nau-</strong></span> 
     </span>
     <span class='ocr_line' id='line_1_24' title="bbox 117 2721 1179 2820; baseline 0.002 -32"><span class='ocrx_word' id='word_1_192' title='bbox 117 2724 306 2808; x_wconf 82' lang='lat' dir='ltr'><strong>pactionum</strong></span> <span class='ocrx_word' id='word_1_193' title='bbox 337 2723 375 2790; x_wconf 93' lang='lat' dir='ltr'><strong>in</strong></span> <span class='ocrx_word' id='word_1_194' title='bbox 411 2743 452 2788; x_wconf 88' lang='lat' dir='ltr'><strong>eo</strong></span> <span class='ocrx_word' id='word_1_195' title='bbox 487 2725 631 2820; x_wconf 71' lang='lat' dir='ltr'><strong>carmine</strong></span> <span class='ocrx_word' id='word_1_196' title='bbox 665 2725 835 2804; x_wconf 87' lang='lat' dir='ltr'><strong>expositas</strong></span> <span class='ocrx_word' id='word_1_197' title='bbox 868 2723 971 2788; x_wconf 84' lang='lat' dir='ltr'><strong>fuisse</strong></span> <span class='ocrx_word' id='word_1_198' title='bbox 1003 2721 1179 2790; x_wconf 83' lang='lat' dir='ltr'><strong>uideantur</strong></span> 
     </span>
     <span class='ocr_line' id='line_1_25' title="bbox 118 2821 1178 2910; baseline -0.003 -18"><span class='ocrx_word' id='word_1_199' title='bbox 118 2826 345 2892; x_wconf 84' lang='lat' dir='ltr'><strong>existimasse·</strong></span> <span class='ocrx_word' id='word_1_200' title='bbox 379 2821 571 2910; x_wconf 76' lang='lat' dir='ltr'><strong>Itaque‘i&#39;nq</strong></span> <span class='ocrx_word' id='word_1_201' title='bbox 594 2826 809 2890; x_wconf 88' lang='lat' dir='ltr'><strong>omittendum</strong></span> <span class='ocrx_word' id='word_1_202' title='bbox 831 2831 912 2890; x_wconf 86' lang='lat' dir='ltr'><strong>erat.</strong></span> <span class='ocrx_word' id='word_1_203' title='bbox 951 2821 1019 2889; x_wconf 83' lang='lat' dir='ltr'><strong>Sed</strong></span> <span class='ocrx_word' id='word_1_204' title='bbox 1040 2844 1081 2888; x_wconf 92' lang='lat' dir='ltr'><strong>ea</strong></span> <span class='ocrx_word' id='word_1_205' title='bbox 1104 2826 1178 2905; x_wconf 84' lang='lat' dir='ltr'><strong>opi·</strong></span> 
     </span>
    </p>
   </div>
   <div class='ocr_carea' id='block_1_15' title="bbox 117 2913 1365 3111">
    <p class='ocr_par' dir='ltr' id='par_1_15' title="bbox 117 2913 1365 3111">
     <span class='ocr_line' id='line_1_26' title="bbox 119 2913 1292 3012; baseline 0 -20"><span class='ocrx_word' id='word_1_206' title='bbox 119 2929 179 2992; x_wconf 94' lang='lat' dir='ltr'><strong>nio</strong></span> <span class='ocrx_word' id='word_1_207' title='bbox 202 2928 350 3010; x_wconf 83' lang='lat' dir='ltr'><strong>quamuis</strong></span> <span class='ocrx_word' id='word_1_208' title='bbox 371 2923 458 2992; x_wconf 75' lang='lat' dir='ltr'><strong>falsa</strong></span> <span class='ocrx_word' id='word_1_209' title='bbox 479 2924 622 3009; x_wconf 89' lang='lat' dir='ltr'><strong>aliquam</strong></span> <span class='ocrx_word' id='word_1_210' title='bbox 639 2934 754 3012; x_wconf 75' lang='lat' dir='ltr'><strong>tamen</strong></span> <span class='ocrx_word' id='word_1_211' title='bbox 765 2925 942 2993; x_wconf 74' lang='lat' dir='ltr'><strong>utilitatem</strong></span> <span class='ocrx_word' id='word_1_212' title='bbox 956 2924 1051 2991; x_wconf 86' lang='lat' dir='ltr'><strong>nobis</strong></span> <span class='ocrx_word' id='word_1_213' title='bbox 1067 2923 1176 2992; x_wconf 86' lang='lat' dir='ltr'><strong>affert.</strong></span> <span class='ocrx_word' id='word_1_214' title='bbox 1285 2913 1292 2944; x_wconf 77' lang='lat'><strong><em>‘</em></strong></span> 
     </span>
     <span class='ocr_line' id='line_1_27' title="bbox 117 3025 1365 3111; baseline -0.006 -12"><span class='ocrx_word' id='word_1_215' title='bbox 117 3026 210 3098; x_wconf 82' lang='lat' dir='ltr'><strong>Nam</strong></span> <span class='ocrx_word' id='word_1_216' title='bbox 239 3028 320 3092; x_wconf 89' lang='lat' dir='ltr'><strong>oriri</strong></span> <span class='ocrx_word' id='word_1_217' title='bbox 347 3047 511 3108; x_wconf 91' lang='lat' dir='ltr'><strong>nunquam</strong></span> <span class='ocrx_word' id='word_1_218' title='bbox 539 3030 718 3111; x_wconf 87' lang='lat' dir='ltr'><strong>potuisset,</strong></span> <span class='ocrx_word' id='word_1_219' title='bbox 749 3028 815 3094; x_wconf 85' lang='lat' dir='ltr'><strong>nisi</strong></span> <span class='ocrx_word' id='word_1_220' title='bbox 842 3025 1016 3110; x_wconf 86' lang='lat' dir='ltr'><strong>pleraeque</strong></span> <span class='ocrx_word' id='word_1_221' title='bbox 1043 3026 1177 3094; x_wconf 83' lang='lat' dir='ltr'><strong>fabulae</strong></span> <span class='ocrx_word' id='word_1_222' title='bbox 1289 3025 1293 3030; x_wconf 81' lang='grc'><strong>’</strong></span> <span class='ocrx_word' id='word_1_223' title='bbox 1361 3073 1365 3082; x_wconf 79' lang='lat'><em>-</em></span> 
     </span>
    </p>
   </div>
   <div class='ocr_carea' id='block_1_16' title="bbox 59 3127 1307 4150">
    <p class='ocr_par' dir='ltr' id='par_1_16' title="bbox 59 3127 1307 3616">
     <span class='ocr_line' id='line_1_28' title="bbox 119 3127 1176 3212; baseline -0.002 -18"><span class='ocrx_word' id='word_1_224' title='bbox 119 3128 277 3194; x_wconf 77' lang='lat' dir='ltr'><strong>carmine</strong></span> <span class='ocrx_word' id='word_1_225' title='bbox 293 3134 457 3195; x_wconf 73' lang='lat' dir='ltr'><strong>tractatae</strong></span> <span class='ocrx_word' id='word_1_226' title='bbox 484 3127 527 3192; x_wconf 85' lang='lat' dir='ltr'><strong>ad</strong></span> <span class='ocrx_word' id='word_1_227' title='bbox 556 3131 662 3212; x_wconf 87' lang='lat' dir='ltr'><strong>ipsam</strong></span> <span class='ocrx_word' id='word_1_228' title='bbox 691 3127 896 3212; x_wconf 89' lang='lat' dir='ltr'><strong>Naupactum</strong></span> <span class='ocrx_word' id='word_1_229' title='bbox 929 3131 1176 3212; x_wconf 87' lang='lat' dir='ltr'><strong>pertinuissent,</strong></span> 
     </span>
     <span class='ocr_line' id='line_1_29' title="bbox 59 3228 1175 3317; baseline -0.003 -21"><span class='ocrx_word' id='word_1_230' title='bbox 59 3276 64 3287; x_wconf 68' lang='grc'>«</span> <span class='ocrx_word' id='word_1_231' title='bbox 119 3233 171 3296; x_wconf 88' lang='lat' dir='ltr'><strong>ita</strong></span> <span class='ocrx_word' id='word_1_232' title='bbox 199 3236 348 3310; x_wconf 83' lang='lat' dir='ltr'><strong>atquae</strong></span> <span class='ocrx_word' id='word_1_233' title='bbox 377 3250 475 3313; x_wconf 88' lang='lat' dir='ltr'><strong>supra</strong></span> <span class='ocrx_word' id='word_1_234' title='bbox 503 3228 544 3293; x_wconf 91' lang='lat' dir='ltr'><strong>de</strong></span> <span class='ocrx_word' id='word_1_235' title='bbox 561 3237 766 3317; x_wconf 61' lang='lat' dir='ltr'><strong>,argumento</strong></span> <span class='ocrx_word' id='word_1_236' title='bbox 795 3229 941 3295; x_wconf 84' lang='lat' dir='ltr'><strong>diximus</strong></span> <span class='ocrx_word' id='word_1_237' title='bbox 963 3228 1025 3295; x_wconf 91' lang='lat' dir='ltr'><strong>hac</strong></span> <span class='ocrx_word' id='word_1_238' title='bbox 1045 3229 1175 3294; x_wconf 87' lang='lat' dir='ltr'><strong>ratione</strong></span> 
     </span>
     <span class='ocr_line' id='line_1_30' title="bbox 118 3327 1176 3413; baseline -0.006 -16"><span class='ocrx_word' id='word_1_239' title='bbox 118 3330 223 3397; x_wconf 85' lang='lat' dir='ltr'><strong>liceat</strong></span> <span class='ocrx_word' id='word_1_240' title='bbox 251 3327 457 3396; x_wconf 85' lang='lat' dir='ltr'><strong>confirmare.</strong></span> <span class='ocrx_word' id='word_1_241' title='bbox 508 3329 697 3396; x_wconf 78' lang='grc' dir='ltr'>Ναυπάκτια</span> <span class='ocrx_word' id='word_1_242' title='bbox 727 3327 785 3413; x_wconf 71' lang='grc' dir='ltr'><strong>ἴαη</strong></span> <span class='ocrx_word' id='word_1_243' title='bbox 812 3353 892 3396; x_wconf 89' lang='lat' dir='ltr'><strong>uero</strong></span> <span class='ocrx_word' id='word_1_244' title='bbox 922 3336 999 3395; x_wconf 88' lang='lat' dir='ltr'><strong>sunt</strong></span> <span class='ocrx_word' id='word_1_245' title='bbox 1031 3331 1176 3393; x_wconf 88' lang='lat' dir='ltr'><strong>carmina</strong></span> 
     </span>
     <span class='ocr_line' id='line_1_31' title="bbox 86 3427 1279 3515; baseline -0.003 -17"><span class='ocrx_word' id='word_1_246' title='bbox 86 3430 284 3514; x_wconf 23' lang='lat' dir='ltr'><strong>,Naupacti</strong></span> <span class='ocrx_word' id='word_1_247' title='bbox 307 3433 506 3514; x_wconf 84' lang='lat' dir='ltr'><strong>composita,</strong></span> <span class='ocrx_word' id='word_1_248' title='bbox 540 3432 581 3514; x_wconf 84' lang='lat' dir='ltr'><strong>de</strong></span> <span class='ocrx_word' id='word_1_249' title='bbox 601 3454 663 3515; x_wconf 91' lang='lat' dir='ltr'><strong>qua</strong></span> <span class='ocrx_word' id='word_1_250' title='bbox 685 3429 871 3513; x_wconf 88' lang='lat' dir='ltr'><strong>appellandi</strong></span> <span class='ocrx_word' id='word_1_251' title='bbox 892 3434 1020 3496; x_wconf 87' lang='lat' dir='ltr'><strong>ratione</strong></span> <span class='ocrx_word' id='word_1_252' title='bbox 1044 3427 1174 3495; x_wconf 91' lang='lat' dir='ltr'><strong>Wuell-</strong></span> <span class='ocrx_word' id='word_1_253' title='bbox 1277 3459 1279 3464; x_wconf 95' lang='lat'>·</span> 
     </span>
     <span class='ocr_line' id='line_1_32' title="bbox 118 3527 1307 3616; baseline -0.002 -18"><span class='ocrx_word' id='word_1_254' title='bbox 118 3554 220 3598; x_wconf 84' lang='lat' dir='ltr'><strong>nerus</strong></span> <span class='ocrx_word' id='word_1_255' title='bbox 244 3529 317 3599; x_wconf 78' lang='lat' dir='ltr'><strong>bl.</strong></span> <span class='ocrx_word' id='word_1_256' title='bbox 346 3529 561 3616; x_wconf 82' lang='lat' dir='ltr'><strong>probabiliter</strong></span> <span class='ocrx_word' id='word_1_257' title='bbox 581 3532 662 3598; x_wconf 91' lang='lat' dir='ltr'><strong>haec</strong></span> <span class='ocrx_word' id='word_1_258' title='bbox 684 3527 828 3598; x_wconf 89' lang='lat' dir='ltr'><strong>monuit:</strong></span> <span class='ocrx_word' id='word_1_259' title='bbox 857 3529 1094 3614; x_wconf 87' lang='lat' dir='ltr'><strong>„Commercio</strong></span> <span class='ocrx_word' id='word_1_260' title='bbox 1115 3529 1174 3596; x_wconf 86' lang='lat' dir='ltr'><strong>lit·</strong></span> <span class='ocrx_word' id='word_1_261' title='bbox 1302 3541 1307 3556; x_wconf 80' lang='grc'><em>’</em></span> 
     </span>
    </p>

    <p class='ocr_par' dir='ltr' id='par_1_17' title="bbox 117 3632 1229 4124">
     <span class='ocr_line' id='line_1_33' title="bbox 117 3632 1174 3733; baseline -0.006 -31.068"><span class='ocrx_word' id='word_1_262' title='bbox 117 3641 319 3726; x_wconf 86' lang='lat' dir='ltr'><strong>tararnmet</strong></span> <span class='ocrx_word' id='word_1_263' title='bbox 337 3637 458 3700; x_wconf 90' lang='lat' dir='ltr'><strong>artium</strong></span> <span class='ocrx_word' id='word_1_264' title='bbox 478 3633 621 3718; x_wconf 88' lang='lat' dir='ltr'><strong>antiquis</strong></span> <span class='ocrx_word' id='word_1_265' title='bbox 638 3633 707 3700; x_wconf 88' lang='lat' dir='ltr'><strong>illis</strong></span> <span class='ocrx_word' id='word_1_266' title='bbox 720 3632 919 3733; x_wconf 80' lang='lat' dir='ltr'><strong>temporibus</strong></span> <span class='ocrx_word' id='word_1_267' title='bbox 935 3632 1077 3698; x_wconf 86' lang='lat' dir='ltr'><strong>nondum</strong></span> <span class='ocrx_word' id='word_1_268' title='bbox 1092 3632 1174 3696; x_wconf 86' lang='lat' dir='ltr'><strong>satis</strong></span> 
     </span>
     <span class='ocr_line' id='line_1_34' title="bbox 120 3699 1173 3857; baseline -0.006 -55"><span class='ocrx_word' id='word_1_269' title='bbox 120 3699 291 3857; x_wconf 76' lang='lat' dir='ltr'><strong>diuulgbto</strong></span> <span class='ocrx_word' id='word_1_270' title='bbox 313 3738 474 3818; x_wconf 83' lang='lat' dir='ltr'><strong>oannina,</strong></span> <span class='ocrx_word' id='word_1_271' title='bbox 505 3758 568 3819; x_wconf 91' lang='lat' dir='ltr'><strong>quo</strong></span> <span class='ocrx_word' id='word_1_272' title='bbox 587 3736 663 3802; x_wconf 89' lang='lat' dir='ltr'><strong>loco</strong></span> <span class='ocrx_word' id='word_1_273' title='bbox 684 3720 865 3820; x_wconf 81' lang='lat' dir='ltr'><strong>composita</strong></span> <span class='ocrx_word' id='word_1_274' title='bbox 883 3741 994 3816; x_wconf 87' lang='lat' dir='ltr'><strong>erant,</strong></span> <span class='ocrx_word' id='word_1_275' title='bbox 1022 3755 1061 3798; x_wconf 90' lang='lat' dir='ltr'><strong>eo</strong></span> <span class='ocrx_word' id='word_1_276' title='bbox 1077 3754 1173 3814; x_wconf 89' lang='lat' dir='ltr'><strong>prae-</strong></span> 
     </span>
     <span class='ocr_line' id='line_1_35' title="bbox 120 3834 1229 3946; baseline -0.004 -44"><span class='ocrx_word' id='word_1_277' title='bbox 120 3840 218 3920; x_wconf 90' lang='lat' dir='ltr'><strong>cipue</strong></span> <span class='ocrx_word' id='word_1_278' title='bbox 239 3837 412 3903; x_wconf 83' lang='lat' dir='ltr'><strong>decantata</strong></span> <span class='ocrx_word' id='word_1_279' title='bbox 431 3839 475 3902; x_wconf 87' lang='lat' dir='ltr'><strong>ot</strong></span> <span class='ocrx_word' id='word_1_280' title='bbox 484 3840 514 3902; x_wconf 88' lang='lat' dir='ltr'><strong>si</strong></span> <span class='ocrx_word' id='word_1_281' title='bbox 527 3859 609 3920; x_wconf 86' lang='lat' dir='ltr'><strong>quae</strong></span> <span class='ocrx_word' id='word_1_282' title='bbox 626 3839 744 3904; x_wconf 83' lang='lat' dir='ltr'><strong>ceteris</strong></span> <span class='ocrx_word' id='word_1_283' title='bbox 756 3835 965 3946; x_wconf 89' lang='lat' dir='ltr'><strong>praestabant</strong></span> <span class='ocrx_word' id='word_1_284' title='bbox 978 3834 1173 3918; x_wconf 86' lang='lat' dir='ltr'><strong>simpliciter·</strong></span> <span class='ocrx_word' id='word_1_285' title='bbox 1214 3897 1229 3920; x_wconf 48' lang='lat' dir='ltr'><strong><em>s</em></strong></span> 
     </span>
     <span class='ocr_line' id='line_1_36' title="bbox 121 3912 1172 4024; baseline -0.004 -22"><span class='ocrx_word' id='word_1_286' title='bbox 121 3935 179 4024; x_wconf 75' lang='grc' dir='ltr'><strong>ἴαη</strong></span> <span class='ocrx_word' id='word_1_287' title='bbox 203 3938 292 4004; x_wconf 88' lang='lat' dir='ltr'><strong>dicta</strong></span> <span class='ocrx_word' id='word_1_288' title='bbox 312 3939 476 4004; x_wconf 87' lang='lat' dir='ltr'><strong>uidentur.</strong></span> <span class='ocrx_word' id='word_1_289' title='bbox 520 3937 614 4021; x_wconf 77' lang='lat' dir='ltr'><strong>Quae</strong></span> <span class='ocrx_word' id='word_1_290' title='bbox 634 3961 732 4020; x_wconf 93' lang='lat' dir='ltr'><strong>quum</strong></span> <span class='ocrx_word' id='word_1_291' title='bbox 748 3938 834 4006; x_wconf 90' lang='lat' dir='ltr'><strong>aliae</strong></span> <span class='ocrx_word' id='word_1_292' title='bbox 850 3912 1008 4004; x_wconf 82' lang='lat' dir='ltr'><strong>Graeciae</strong></span> <span class='ocrx_word' id='word_1_293' title='bbox 1021 3938 1172 4002; x_wconf 83' lang='lat' dir='ltr'><strong>ciuitates</strong></span> 
     </span>
     <span class='ocr_line' id='line_1_37' title="bbox 120 4009 1172 4150; baseline -0.006 -44"><span class='ocrx_word' id='word_1_294' title='bbox 120 4043 328 4150; x_wconf 85' lang='lat' dir='ltr'><strong>reciperent,</strong></span> <span class='ocrx_word' id='word_1_295' title='bbox 351 4062 372 4106; x_wconf 90' lang='lat' dir='ltr'><strong>a</strong></span> <span class='ocrx_word' id='word_1_296' title='bbox 393 4009 510 4106; x_wconf 85' lang='lat' dir='ltr'><strong>ceteris</strong></span> <span class='ocrx_word' id='word_1_297' title='bbox 524 4044 650 4124; x_wconf 89' lang='lat' dir='ltr'><strong>patriae</strong></span> <span class='ocrx_word' id='word_1_298' title='bbox 663 4042 794 4114; x_wconf 86' lang='lat' dir='ltr'><strong>nomine</strong></span> <span class='ocrx_word' id='word_1_299' title='bbox 809 4041 1041 4106; x_wconf 81' lang='lat' dir='ltr'><strong>distinxerunt.</strong></span> <span class='ocrx_word' id='word_1_300' title='bbox 1049 4039 1073 4076; x_wconf 93' lang='lat'>“</span> <span class='ocrx_word' id='word_1_301' title='bbox 1105 4035 1172 4101; x_wconf 85' lang='lat' dir='ltr'><strong>Sed</strong></span> 
     </span>
    </p>
   </div>
   <div class='ocr_carea' id='block_1_17' title="bbox 154 4135 940 4230">
    <p class='ocr_par' dir='ltr' id='par_1_18' title="bbox 154 4135 940 4230">
     <span class='ocr_line' id='line_1_38' title="bbox 154 4135 940 4230; baseline 0.003 -15"><span class='ocrx_word' id='word_1_302' title='bbox 154 4135 372 4230; x_wconf 58' lang='lat' dir='ltr'><strong>demerebat</strong></span> <span class='ocrx_word' id='word_1_303' title='bbox 388 4171 516 4218; x_wconf 74' lang='grc' dir='ltr'>αιιααι.</span> <span class='ocrx_word' id='word_1_304' title='bbox 752 4141 756 4152; x_wconf 92' lang='grc'><strong><em>’</em></strong></span> <span class='ocrx_word' id='word_1_305' title='bbox 899 4144 940 4207; x_wconf 81' lang='grc'><strong>17</strong></span> 
     </span>
    </p>
   </div>
   <div class='ocr_carea' id='block_1_18' title="bbox 0 0 1404 4714">
    <p class='ocr_par' dir='ltr' id='par_1_19' title="bbox 0 0 1404 4714">
     <span class='ocr_line' id='line_1_39' title="bbox 0 0 1404 4714; baseline 0 4"><span class='ocrx_word' id='word_1_306' title='bbox 0 0 1404 4714; x_wconf 95' lang='lat' dir='ltr'><strong> </strong></span> 
     </span>
    </p>
   </div>
  </div>
 </body>
</html>
