2826 4718
379 445 383 450 Ι
474 369 532 437 De
552 371 664 439 scdulo
687 373 863 488 Hesiodea.
907 409 910 416 ¹
956 404 959 414 ·
1091 468 1094 480 ,
1154 380 1215 454 ὅδ’
1342 385 1349 394 ’

130 537 247 606 urhem
274 542 473 620 apportasse
500 541 702 626 dicerentur,
740 565 806 610 non
838 551 873 612 in
910 546 1022 614 schola
1053 551 1190 658 quadam

123 641 291 706 Hesiddia
314 639 515 706 Orchomeni
543 643 681 710 florente
702 650 886 728 quaerenda
908 658 976 726 est;
1006 651 1108 718 sed
1086 674 1184 734 quum

127 745 179 809 illi
204 743 368 808 Ascraeos
389 747 605 826 recepissent,
634 749 734 811 etiam
754 749 927 816 clarissumi
948 749 1079 818 illorum
1101 758 1184 821 cinis

124 846 285 926 reliquias
306 843 392 906 ab”
370 865 412 908 ns
429 849 602 926 requisitas
623 866 695 912 esse
717 861 970 918 consentaneum
992 861 1059 928 est3
1082 875 1180 936 quare
1233 919 1238 936 ,

122 947 253 1029 aliquid
274 967 320 1009 ex
342 944 435 1008 illius
459 945 565 1030 gloria
589 951 666 1013 ad
657 971 801 1030 rpsorum
824 957 989 1020 ciuitatem
1019 959 1178 1024 redunda-

120 1153 210 1236 quod
236 1148 377 1216 Hesiodi
404 1169 480 1212 ossa
507 1155 637 1233 proprie
666 1153 708 1216 ad
731 1152 989 1240 Orchomenum,
1019 1158 1175 1227 Boeotiae

120 1261 237 1337 eaput,
258 1254 455 1335 pertinuisse
476 1251 557 1317 dreit
576 1277 608 1335 p
626 1252 718 1318 Vll.

205 1343 316 1418 Hanc
323 1375 419 1436 quam
441 1353 538 1418 modo
561 1358 700 1435 exposui
719 1360 934 1440 antiquiorem
956 1363 1057 1430 fuisse
1079 1365 1172 1431 labu-

119 1459 185 1522 lam
208 1457 316 1521 uideri
345 1477 443 1536 supra
471 1454 667 1540 significasti.
705 1455 798 1533 Quae
820 1469 891 1525 erat
910 1455 1094 1529 abiicienda
1115 1475 1172 1531 aut
1279 1475 1282 1482 '

37 1097 55 1133 ,Ι
119 1058 244 1122 turum
253 1048 431 1112 uideretur.
461 1045 548 1110 Hlud
569 1057 678 1115 autem
700 1073 765 1116 non
787 1059 947 1122 assentior
965 1057 1177 1145 Ooettlingio,
1252 973 1293 1155 x*

115 1557 321 1624 immutanda
341 1556 579 1639 Locrensibus,
610 1579 706 1638 quum
727 1558 945 1626 Hesiodum
935 1585 970 1628 ιιι
999 1587 1058 1630 sua
1083 1575 1171 1630 terra
1275 1557 1281 1574 ’
1352 1633 1355 1652 ,

114 1667 282 1725 mortuum
304 1659 540 1741 sepultumque
557 1659 744 1724 finxissent.
788 1660 875 1726 Hine
896 1673 1013 1731 exorta
1035 1665 1094 1731 illa
1118 1668 1168 1731 la-

114 1761 213 1842 hula,
244 1763 336 1824 euius
358 1768 460 1826 testes
483 1783 581 1843 supra
602 1761 799 1826 Pausaniam
822 1771 855 1828 et
876 1763 1084 1831 Plutarchum
1108 1769 1166 1832 ad·

112 1865 209 1928 duxi.
241 1861 327 1926 Nam
349 1861 449 1926 hoc'
439 1885 475 1926 ιιι
503 1862 555 1928 his
578 1863 675 1928 robus
701 1862 892 1929 obseruasse
920 1864 1038 1948 liceat,
1068 1887 1168 1934 unam

111 1963 259 2028 lahnlam
283 1965 411 2045 saepius
433 1963 519 2030 alius
540 1959 687 2028 nausiam
709 1965 829 2046 fuisse,
857 1967 905 2031 ita
926 1975 964 2032 ut
985 1973 1013 2033 si
1042 1941 1178 2051 primae

111 2067 311 2128 narrationis
337 2069 429 2150 origo
457 2068 503 2130 sit
529 2067 711 2146 patefacta,
744 2088 807 2129 ιιοιι
830 2089 1024 2152 magnopere
1046 2071 1085 2135 de
1108 2093 1164 2134 ea-

111 2189 184 2231 rum
216 2165 399 2230 fabularum
422 2170 546 2230 carusis
575 2167 788 2232 laborandum
816 2168 984 2250 uideatur,
1015 2193 1097 2252 quae
1117 2191 1164 2235 ex
1192 2235 1198 2255 Ι

112 2267 173 2332 ἱΙΙιι
196 2275 293 2332 natae
323 2275 408 2333 sunt.
450 2267 524 2332 Hoc
546 2275 583 2334 ut
603 2268 645 2332 ad
668 2275 812 2332 nostram
835 2273 1055 2350 quaestionem
1076 2273 1162 2336 rele-

108 2391 201 2452 ram,
228 2372 414 2452 aperuimus
435 2391 582 2434 caussam
604 2391 662 2434 cur
681 2369 864 2434 Locrenses
885 2375 1017 2437 omnino
1041 2371 1182 2454 Hesio-q

106 2473 185 2536 dum
207 2473 293 2553 apud
315 2493 351 2536 se
365 2477 530 2536 uersatum
540 2467 726 2552 'aliquando
739 2478 963 2552 mortuumque
980 2474 1159 2547 dixissent;

106 2593 191 2655 qnae
214 2593 328 2638 caussa
357 2575 392 2638 in
413 2572 529 2658 gentili
550 2573 729 2638 Hesiodiae
750 2570 896 2636 familiae
919 2594 992 2638 cum
1014 2573 1157 2640 Locren·
1204 2579 1209 2588 '

105 2673 197 2738 sibus
226 2696 318 2742 nexu
345 2677 453 2756 posita
478 2675 660 2740 uidebatur.
705 2673 917 2738 Orchomenii
944 2681 1053 2740 autem
1083 2691 1159 2740 ossa
1258 2674 1262 2685 ’

105 2775 246 2840 Hesiodi
275 2776 336 2858 (ab
358 2775 511 2842 Ascraeis
538 2776 691 2858 accepta)
723 2774 896 2841 habebant.
938 2774 1012 2841 Hae
1040 2797 1094 2842 res
1122 2783 1160 2844 ut

106 2879 381 2963 coniungerentur
402 2901 482 2959 opus
504 2886 575 2943 erat
597 2877 707 2958 aliqua
729 2876 858 2957 fabula,
883 2899 947 2959 qua
965 2884 1082 2958 poetae
1104 2900 1157 2942 re-

105 2977 231 3058 liquiae
267 3003 286 3043 e
320 2979 461 3044 Locride
495 2977 736 3044 Orchomenum
772 2979 931 3046 translata
962 2979 1185 3044 dicerentur-¹
1220 3011 1225 3018 ¹

106 3081 174 3144 Sed
197 3102 295 3161 quum
317 3073 425 3149 etiam'
437 3081 619 3146 Locrenses
639 3080 777 3147 Hesiodi
805 3079 987 3162 sepulcrum
1012 3085 1156 3146 ostenta-

105 3189 190 3262 rent,
214 3203 318 3262 neque
334 3180 563 3246 Orchomeniis
584 3181 677 3247 illam
697 3179 835 3266 gloriam
852 3182 1077 3262 concederent,
1092 3181 1156 3246 duo

104 3283 256 3364 sepulcra
277 3283 473 3350 ferebantur.
502 3281 574 3350 Hac
597 3305 633 3346 re
654 3286 720 3349 iam
739 3285 789 3348 uti
809 3303 979 3363 possumus
1000 3283 1042 3346 ad
1055 3282 1156 3346 aliam

104 3407 173 3450 rem
209 3385 458 3466 explicandam,
492 3406 588 3466 quam
616 3383 834 3467 Goettlingius
869 3405 901 3464 p.
929 3381 1005 3447 Vll.
1035 3381 1185 3446 lohulis¹

95 3491 196 3568 „uon
211 3481 285 3551 xtram
310 3486 350 3552 de
373 3486 531 3566 Hesiodo,
553 3507 649 3566 quam
671 3486 712 3548 de
734 3489 805 3548 eius
827 3482 953 3548 familia
975 3481 1155 3570 etechola,

103 3591 196 3652 cuius
214 3587 274 3651 ille
288 3589 352 3652 luit
365 3591 525 3670 princeps,
547 3585 793 3670 intelligendis“
814 3585 1056 3658 adnumerauit3
1077 3605 1153 3666 pro-

102 3689 252 3754 uerbium
273 3690 347 3752 dico
369 3689 411 3754 de
431 3687 590 3752 Hesiodia
610 3695 775 3752 senectute
797 3695 831 3752 et
847 3685 1054 3773 Epigramma
1074 3685 1152 3750 Pin·

103 3791 183 3856 daro
207 3790 422 3872 adscriptum,
444 3790 529 3872 quod
552 3807 648 3868 supra
669 3794 687 3874 §
708 3798 739 3852 4.
763 3789 820 3862 fin,
843 3792 947 3872 posui.
981 3786 1047 3854 Ubi
1070 3810 1153 3870 qnae

106 3893 205 3956 aretha
226 3890 365 3962 attulie
385 3891 482 3956 Prou.
504 3891 583 3958 Vnt.
602 3891 663 3978 IV,
685 3901 717 3974 3,
738 3915 779 3956 ea
798 3895 905 3972 ipsum
926 3888 1057 3954 fabulae
1078 3889 1151 3954 fon·
1269 3895 1273 3902 '

106 4001 169 4058 tem
188 3997 316 4076 aperire
338 3993 501 4075 uidentur,
522 3999 553 4058 si
566 3995 695 4076 quidem
715 3992 908 4080 uocabulum
932 3992 982 4055 καὶ
1004 3997 1063 4072 „et
1080 3993 1151 4054 sie“

107 4094 158 4162 Μ
180 4099 452 4181 22⁰ll³1⁰ll010³“
476 4097 684 4182 interpretari
704 4096 792 4164 licet.
822 4093 1032 4162 Prouerhinm
1053 4091 1153 4176 igitur
1208 4171 1216 4188 Ι
1262 4027 1273 4058 ⁸
