2798 4714
533 324 771 459 ‘Dedo-elo.
837 319 841 326 ἱ
1114 375 1178 437 227
1247 447 1258 466 x
1299 451 1303 459 ¹

122 539 271 604 cmmlna
285 535 399 602 eodem
418 525 516 601 mo'do
529 531 691 601 meabat
711 541 746 601 et
767 531 883 601 solutis
902 555 924 600 a
942 541 1039 604 metri
1059 561 1173 608 neces·

119 643 222 706 sitate
241 637 372 705 Eumeli
394 657 513 707 nomeu
535 635 621 718 quod
648 634 750 701 semel
771 635 988 717 mentiebatur
1010 633 1171 730 praefigo.

118 741 200 807 batt
243 739 296 805 De
317 737 474 806 Acusilao
495 745 603 805 autem'
625 740 672 802 sio
693 741 870 824 existimo,
901 759 975 807 enm
999 753 1172 827 propterea

119 867 142 908 a
165 842 336 914 Clemente
363 839 444 906 furti
471 849 673 922 accusatum,
703 842 798 923 quod·
814 845 850 908 in
876 843 1076 936 genealogiis
1101 849 1170 913 suis

118 945 304 1010 Hesiodum
322 945 529 1026 potissimum
550 948 715 1007 auctorem
737 943 940 1025 sequebatur.
971 943 1067 1022 Quod
1084 951 1171 1029 'quo-

119 1052 232 1115 minus
253 1045 294 1110 ab
310 1042 449 1109 Eumelo
470 1065 596 1126 quoqne
618 1044 741 1108 iactum
764 1045 944 1129 credamus,
965 1039 1174 1129 prohibemur

119 1153 269 1218 maxime
293 1167 351 1232 eo,
382 1147 467 1229 quod
490 1141 772 1210 Corinthiacorum
799 1157 1024 1232 argumentum
1043 1150 1084 1215 ub
1102 1149 1173 1216 He·
1270 1196 1274 1207 f

120 1251 239 1318 siodiis
260 1248 460 1337 genealogiis
480 1247 612 1314 uidetur
632 1247 796 1313 disemum
817 1250 937 1332 fuisse,
965 1271 1062 1333 quum
1083 1252 1175 1319 nulla

120 1375 210 1418 nunc
237 1351 414 1438 (quantum
442 1351 571 1433 quidem
597 1349 891 1434 eirugmantornm
917 1359 987 1416 tum
1013 1356 1175 1420 tenuitate
1209 1355 1215 1363 '
1286 1349 1289 1354 ’

118 1465 193 1521 tum
215 1445 379 1536 peueit‘ate
408 1453 552 1518 iudicare
581 1449 676 1514 nobis
701 1447 794 1535 licet)
822 1447 1027 1518 necessitudo
1049 1461 1108 1519 ant
1126 1458 1174 1522 si·
1242 1482 1245 1498 ¹

121 1552 276 1623 militndo
300 1557 387 1620 inter
412 1562 585 1635 utrumqne
606 1572 687 1633 opus
706 1559 870 1633 appareat.
913 1551 1093 1621 Salmasius
1112 1579 1171 1622 au·

119 1668 190 1724 tem
221 1657 237 1741 (
242 1657 276 1717 in
298 1660 385 1720 notis
413 1656 454 1720 ad
476 1655 614 1720 Hieron.
638 1649 760 1743 Chron.
783 1653 834 1720 ed.
859 1676 881 1718 a
901 1653 1173 1724 Scbnrndeischio

119 1781 196 1824 cum
226 1759 344 1822 notitia
363 1755 451 1822 Bibl.
471 1756 587 1822 Vinar.
610 1755 659 1824 N:
678 1753 776 1842 1250)
805 1761 916 1838 aperte
946 1762 1084 1841 errauit,
1117 1764 1173 1842 qni
1277 1779 1283 1790 ¹
1320 1754 1322 1765 '

121 1859 305 1926 Clementis
333 1861 522 1923 testimonio
553 1857 710 1923 adductus
730 1857 900 1946 Bugoniae
922 1879 1058 1942 nomen,
1087 1863 1174 1943 quod

120 1983 256 2028 cumen
292 1959 453 2026 Eusebius
489 1958 628 2051 Eumelo
664 1960 836 2041 adscribit,
863 1963 913 2024 'in
947 1958 1175 2049 Theogoniam
1214 2024 1220 2038 ,

121 2063 314 2130 mutandum
342 2063 478 2127 eemmt
522 2059 617 2126 Hunc
646 2064 864 2143 suspicionem
892 2085 914 2126 a
932 2066 1073 2129 ueritate
1101 2087 1174 2130 esse
1249 2052 1289 2140 ζ

120 2161 394 2244 remotissimam,
422 2161 522 2227 facile
544 2165 679 2244 quisque
699 2163 880 2250 intelliget,
904 2167 960 2245 qui
982 2169 1175 2251 cogitauerit

120 2267 301 2334 Eusebium
323 2267 455 2330 carruca
475 2262 608 2346 aliquod
635 2256 840 2351 significare,
854 2262 1072 2344 „Clementem
1093 2289 1173 2334 uero

124 2369 168 2434 de
188 2369 346 2452 prosaicis
369 2367 499 2446 scriptis
528 2365 636 2437 uerba,
650 2367 770 2432 facere.
814 2365 988 2432 Praeterea
1009 2375 1117 2433 antem
1137 2372 1175 2436 in
1242 2370 1256 2405 ⁶

122 2467 255 2536 Eumeli
283 2467 474 2554 fragmentis
506 2464 590 2530 nibil
618 2469 797 2549 reperitur,
829 2467 914 2550 qnod
940 2489 1014 2533 cum
1034 2467 1174 2537 Hesiodi

124 2569 321 2657 ‘l'lreogonia
345 2567 449 2634 ullam
476 2565 598 2632 babeat
624 2571 897 2636 coniunctionem.
939 2567 1036 2646 Quod
1065 2579 1190 2638 autem‘
1258 2555 1264 2560 ’

122 2673 167 2739 ad
184 2661 287 2738 uerba
307 2671 358 2737 sal
379 2665 423 2746 ὦς
442 2667 507 2734 'adso
525 2665 686 2754 ἐξήνεγκαν
704 2673 839 2751 attinet,
862 2689 902 2733 ea
921 2677 1093 2751 propterea
1114 2671 1173 2736 ad·

122 2776 194 2840 dita
220 2773 393 2854 uidentur,
427 2770 513 2853 qnod
534 2769 684 2837 Clemens
711 2775 747 2836 in
775 2771 908 2838 illorum
937 2755 1096 2836 librorum
1121 2776 1176 2837 in·

122 2859 356 2957 scriptionibus
369 2871 501 2958 Eumeli
523 2882 558 2940 et
577 2871 725 2940 Acusilai
746 2877 878 2940 nomina
898 2874 1080 2940 inuenerat.
1109 2873 1176 2940 Sed

122 2985 276 3060 reputare
313 2979 413 3041 etiam
446 2973 619 3040 debemus'
637 2973 838 3042 Clementem
876 2976 1175 3062 inuestigandarnm

123 3077 395 3160 similitudinum,
416 3087 498 3159 quae
520 3071 608 3142 inter
628 3082 779 3160 antiquos
797 3077 899 3143 libros
919 3077 1175 3158 intercedebant,

123 3181 382 3246 curiosissimum
408 3179 511 3242 fuisse
540 3185 574 3242 et
602 3179 875 3246 studiosissimum
905 3187 940 3243 et
963 3176 1081 3242 multas
1107 3197 1175 3258 res,
1209 3195 1216 3210 ‘

124 3303 209 3365 qnae
229 3301 309 3346 casu
327 3280 535 3360 acciderunt,
563 3280 714 3346 imitandi
744 3281 851 3346 stadio
874 3285 932 3343 aut
950 3277 1039 3343 iurto
1058 3284 1173 3363 poen·
1244 3319 1249 3334 ·

121 3402 197 3452 rum
212 3385 467 3464 scriptorumque
480 3381 633 3446 tribuisse
658 3380 854 3468 (Weichert.
869 3401 902 3462 p.
918 3385 990 3445 196.
1009 3377 1052 3445 Ν.
1066 3379 1154 3464 249).

210 3483 278 3550 Sed
298 3487 365 3550 iarn
386 3491 638 3548 consentaneum
652 3484 782 3549 uidetur
805 3484 928 3566 quaeri,
953 3481 1112 3560 quomodo
1130 3483 1175 3562 is,
1199 3557 1203 3567 ἱ
1379 3537 1382 3546 ,

122 3591 182 3672 qni
213 3583 425 3650 Corinthiaco
456 3587 492 3648 in
520 3581 648 3650 solutae
677 3587 835 3650 emtionis
849 3585 854 3588 ’
867 3583 1006 3647 formam
1035 3581 1175 3678 redegit,
1308 3579 1313 3590 '

120 3711 195 3757 rem
217 3689 408 3768 instituerit,
431 3705 530 3768 quum
551 3686 684 3765 dubium
700 3708 772 3751 essa
793 3691 901 3768 queat,
921 3689 1030 3748 utrum
1049 3685 1195 3765 antiqui·

122 3791 280 3856 carminis
302 3791 528 3871 copiositatem
548 3790 738 3868 retinuerit,
765 3811 808 3852 an
829 3807 945 3869 poema
963 3787 999 3848 in
1020 3791 1176 3870 angustos
1310 3779 1316 3794 ‘

123 3893 286 3974 epitomes
306 3889 390 3955 dines
405 3893 551 3976 coegerit
562 3883 829 3975 grauissimarum
844 3909 953 3954 rerum
966 3887 1175 3968 expositione

123 4001 308 4058 contentus.
351 3993 520 4058 Posterius
541 3993 647 4056 uisum
669 4002 720 4056 est
743 3989 951 4056 Groddeokio
972 4009 1005 4071 p.
1022 3993 1082 4066 99,
1103 3984 1178 4051 Sie-

124 4093 245 4160 oemio
270 4094 314 4160 ad
341 4095 438 4161 Paua.
467 4079 581 4176 1'1‚r‚
605 4097 623 4156 1
653 4101 687 4158 et
707 4089 903 4181 Woellnero
932 4089 974 4156 de
1003 4086 1098 4174 Cycl.
1127 4109 1178 4170 ep.
1236 4078 1239 4084 ’
1321 4069 1325 4096 ’

742 4247 747 4272 ι
849 4211 928 4278 15²
